<?xml version="1.0" encoding="UTF-8"?>
<records>
<record>
	<leader>01959cam  22006971  4500</leader>
	<controlfield tag="001">BK0000025070</controlfield>
	<controlfield tag="005">20041105181219.0</controlfield>
	<controlfield tag="008">780526t19631953nyu           000 1 eng  </controlfield>
	<datafield tag="010" ind1=" " ind2 =" ">
		<subfield code="a">63002407</subfield>
	</datafield>
	<datafield tag="020" ind1=" " ind2 =" ">
		<subfield code="a">0151172056 : HRD</subfield>
		<subfield code="c">$19.95</subfield>
	</datafield>
	<datafield tag="037" ind1=" " ind2 =" ">
		<subfield code="b">Harcourt, Attn Trade Order Fulfillment 6277 Sea Harbor Dr, Orlando, FL, USA, 32887-4300, (619)6996768</subfield>
		<subfield code="n">SAN 200-2108</subfield>
	</datafield>
	<datafield tag="040" ind1=" " ind2 =" ">
		<subfield code="a">DLC</subfield>
		<subfield code="c">CLSU</subfield>
		<subfield code="d">OCoLC</subfield>
		<subfield code="d">ODaWU</subfield>
		<subfield code="d">DLC</subfield>
	</datafield>
	<datafield tag="050" ind1="0" ind2 ="0">
		<subfield code="a">PZ3.C551205</subfield>
		<subfield code="b">Ch10</subfield>
	</datafield>
	<datafield tag="050" ind1="0" ind2 ="0">
		<subfield code="a">PR6005.L36</subfield>
	</datafield>
	<datafield tag="082" ind1=" " ind2 =" ">
		<subfield code="a">FIC</subfield>
	</datafield>
	<datafield tag="092" ind1=" " ind2 =" ">
		<subfield code="a">FIC</subfield>
	</datafield>
	<datafield tag="100" ind1="1" ind2 =" ">
		<subfield code="a">Clarke, Arthur C.</subfield>
		<subfield code="q">(Arthur Charles),</subfield>
		<subfield code="d">1917-2008.</subfield>
	</datafield>
	<datafield tag="245" ind1="1" ind2 ="0">
		<subfield code="a">Childhood's end.</subfield>
	</datafield>
	<datafield tag="260" ind1=" " ind2 =" ">
		<subfield code="a">New York,</subfield>
		<subfield code="b">Harcourt, Brace &amp; World</subfield>
		<subfield code="c">[1963, c1953]</subfield>
	</datafield>
	<datafield tag="300" ind1=" " ind2 =" ">
		<subfield code="a">216 p.</subfield>
		<subfield code="c">21 cm.</subfield>
	</datafield>
	<datafield tag="510" ind1=" " ind2 =" ">
		<subfield code="a">AACC</subfield>
	</datafield>
	<datafield tag="510" ind1=" " ind2 =" ">
		<subfield code="a">BBSH</subfield>
	</datafield>
	<datafield tag="510" ind1=" " ind2 =" ">
		<subfield code="a">BBT1</subfield>
	</datafield>
	<datafield tag="510" ind1=" " ind2 =" ">
		<subfield code="a">BT0K</subfield>
	</datafield>
	<datafield tag="510" ind1=" " ind2 =" ">
		<subfield code="a">BT9K</subfield>
	</datafield>
	<datafield tag="510" ind1=" " ind2 =" ">
		<subfield code="a">BTRS</subfield>
	</datafield>
	<datafield tag="510" ind1=" " ind2 =" ">
		<subfield code="a">CARY</subfield>
	</datafield>
	<datafield tag="510" ind1=" " ind2 =" ">
		<subfield code="a">FC11</subfield>
	</datafield>
	<datafield tag="510" ind1=" " ind2 =" ">
		<subfield code="a">FCY2</subfield>
	</datafield>
	<datafield tag="510" ind1=" " ind2 =" ">
		<subfield code="a">GNRF</subfield>
	</datafield>
	<datafield tag="510" ind1=" " ind2 =" ">
		<subfield code="a">GR23</subfield>
	</datafield>
	<datafield tag="510" ind1=" " ind2 =" ">
		<subfield code="a">JTMP</subfield>
	</datafield>
	<datafield tag="510" ind1=" " ind2 =" ">
		<subfield code="a">LLIN</subfield>
	</datafield>
	<datafield tag="510" ind1=" " ind2 =" ">
		<subfield code="a">MLTN</subfield>
	</datafield>
	<datafield tag="510" ind1=" " ind2 =" ">
		<subfield code="a">SH13</subfield>
	</datafield>
	<datafield tag="510" ind1=" " ind2 =" ">
		<subfield code="a">XBCC</subfield>
	</datafield>
	<datafield tag="510" ind1=" " ind2 =" ">
		<subfield code="a">XBLC</subfield>
	</datafield>
	<datafield tag="510" ind1=" " ind2 =" ">
		<subfield code="a">XBLM</subfield>
	</datafield>
	<datafield tag="510" ind1=" " ind2 =" ">
		<subfield code="a">XBYA</subfield>
	</datafield>
	<datafield tag="510" ind1=" " ind2 =" ">
		<subfield code="a">ZC96</subfield>
	</datafield>
	<datafield tag="510" ind1=" " ind2 =" ">
		<subfield code="a">ZCM8</subfield>
	</datafield>
	<datafield tag="510" ind1=" " ind2 =" ">
		<subfield code="a">ZCN5</subfield>
	</datafield>
	<datafield tag="510" ind1=" " ind2 =" ">
		<subfield code="a">ZLTN</subfield>
	</datafield>
	<datafield tag="510" ind1=" " ind2 =" ">
		<subfield code="a">ZSF5</subfield>
	</datafield>
	<datafield tag="510" ind1=" " ind2 =" ">
		<subfield code="a">ZTH7</subfield>
	</datafield>
	<datafield tag="510" ind1=" " ind2 =" ">
		<subfield code="a">ZUC1</subfield>
	</datafield>
	<datafield tag="510" ind1=" " ind2 =" ">
		<subfield code="a">ZZSP</subfield>
	</datafield>
	<datafield tag="520" ind1=" " ind2 =" ">
		<subfield code="a">Overlords from outer space dominate the world, eliminating its evils before they destroy it</subfield>
	</datafield>
	<datafield tag="914" ind1=" " ind2 =" ">
		<subfield code="a">PS</subfield>
		<subfield code="d">HARCO</subfield>
		<subfield code="e">HARCO</subfield>
		<subfield code="f">720</subfield>
		<subfield code="g">BOOK</subfield>
		<subfield code="h">0.00</subfield>
		<subfield code="m">M</subfield>
		<subfield code="w">BOOK</subfield>
	</datafield>
	<datafield tag="922" ind1=" " ind2 =" ">
		<subfield code="a">ocm03931021</subfield>
	</datafield>
	<datafield tag="927" ind1=" " ind2 =" ">
		<subfield code="a">AUb10055611</subfield>
	</datafield>
	<datafield tag="930" ind1="1" ind2 ="0">
		<subfield code="a">Childhood's End</subfield>
		<subfield code="c">Childhood's End</subfield>
		<subfield code="d">Childhoods End</subfield>
		<subfield code="f">0</subfield>
	</datafield>
	<datafield tag="940" ind1=" " ind2 =" ">
		<subfield code="a">Clarke, Arthur C.</subfield>
		<subfield code="b">Clarke, Arthur C.</subfield>
	</datafield>
	<datafield tag="941" ind1=" " ind2 =" ">
		<subfield code="a">0151172056</subfield>
	</datafield>
	<datafield tag="942" ind1=" " ind2 =" ">
		<subfield code="a">19.95</subfield>
		<subfield code="d">USD</subfield>
	</datafield>
	<datafield tag="943" ind1=" " ind2 =" ">
		<subfield code="a">HRD</subfield>
		<subfield code="b">A</subfield>
		<subfield code="c">FI</subfield>
		<subfield code="d">GEN</subfield>
		<subfield code="e">ENG</subfield>
	</datafield>
	<datafield tag="947" ind1=" " ind2 =" ">
		<subfield code="a">BTB</subfield>
		<subfield code="b">5677</subfield>
		<subfield code="z">BNT</subfield>
	</datafield>
	<datafield tag="948" ind1=" " ind2 =" ">
		<subfield code="c">1963/06/01</subfield>
	</datafield>
	<datafield tag="949" ind1=" " ind2 =" ">
		<subfield code="a">8.75</subfield>
		<subfield code="b">5.75</subfield>
		<subfield code="c">0.75</subfield>
		<subfield code="d">IN</subfield>
		<subfield code="e">LB</subfield>
		<subfield code="f">1.00</subfield>
		<subfield code="g">1.00</subfield>
		<subfield code="i">2000/06/17</subfield>
		<subfield code="j">2008/03/23</subfield>
	</datafield>
	<datafield tag="953" ind1=" " ind2 =" ">
		<subfield code="a">Harcourt</subfield>
		<subfield code="b">Attn Trade Order Fulfillment</subfield>
		<subfield code="c">6277 Sea Harbor Dr</subfield>
		<subfield code="f">Orlando</subfield>
		<subfield code="g">FL</subfield>
		<subfield code="h">USA</subfield>
		<subfield code="i">32887-4300</subfield>
		<subfield code="l">Harcourt</subfield>
	</datafield>
	<datafield tag="955" ind1=" " ind2 =" ">
		<subfield code="a">Hardcover</subfield>
		<subfield code="c">Primary</subfield>
	</datafield>
</record>