
<record>
	<leader>03292cam  2201189 a 4500</leader>
	<controlfield tag="001">BK0000059370</controlfield>
	<controlfield tag="003">DLC</controlfield>
	<controlfield tag="005">20060714111734.0</controlfield>
	<controlfield tag="008">821221r1980    maua          000 0aeng  </controlfield>
	<datafield tag="010" ind1=" " ind2 =" ">
		<subfield code="a">80066216</subfield>
	</datafield>
	<datafield tag="020" ind1=" " ind2 =" ">
		<subfield code="a">0879233397 : HRD</subfield>
		<subfield code="c">$16.95</subfield>
	</datafield>
	<datafield tag="037" ind1=" " ind2 =" ">
		<subfield code="b">David R Godine Pub, Po Box 450, Jaffrey, NH, USA, 03452, (603)5324100</subfield>
		<subfield code="n">SAN 213-4381</subfield>
	</datafield>
	<datafield tag="040" ind1=" " ind2 =" ">
		<subfield code="a">DLC</subfield>
		<subfield code="c">DLC</subfield>
		<subfield code="d">DLC</subfield>
	</datafield>
	<datafield tag="050" ind1="0" ind2 ="0">
		<subfield code="a">PR6039.H52</subfield>
		<subfield code="b">C48 1980</subfield>
	</datafield>
	<datafield tag="082" ind1="0" ind2 ="0">
		<subfield code="a">821/.912</subfield>
	</datafield>
	<datafield tag="082" ind1="0" ind2 ="0">
		<subfield code="a">B</subfield>
		<subfield code="2">20</subfield>
	</datafield>
	<datafield tag="092" ind1=" " ind2 =" ">
		<subfield code="a">821.9120</subfield>
	</datafield>
	<datafield tag="100" ind1="1" ind2 =" ">
		<subfield code="a">Thomas, Dylan,</subfield>
		<subfield code="d">1914-1953.</subfield>
	</datafield>
	<datafield tag="245" ind1="1" ind2 ="2">
		<subfield code="a">A child's Christmas in Wales /</subfield>
		<subfield code="c">by Dylan Thomas ; illustrated by Edward Ardizzone.</subfield>
	</datafield>
	<datafield tag="250" ind1=" " ind2 =" ">
		<subfield code="a">1st U.S. ed.</subfield>
	</datafield>
	<datafield tag="260" ind1=" " ind2 =" ">
		<subfield code="a">Boston :</subfield>
		<subfield code="b">D.R. Godine,</subfield>
		<subfield code="c">1980.</subfield>
	</datafield>
	<datafield tag="300" ind1=" " ind2 =" ">
		<subfield code="a">45 p. :</subfield>
		<subfield code="b">ill. (some col.) ;</subfield>
		<subfield code="c">25 cm.</subfield>
	</datafield>
	<datafield tag="500" ind1=" " ind2 =" ">
		<subfield code="a">&quot;Text copyright c1954 by New Directions ... Illustrations copyright c1978&quot;--Colophon.</subfield>
	</datafield>
	<datafield tag="510" ind1=" " ind2 =" ">
		<subfield code="a">AACO</subfield>
	</datafield>
	<datafield tag="510" ind1=" " ind2 =" ">
		<subfield code="a">AAEI</subfield>
	</datafield>
	<datafield tag="510" ind1=" " ind2 =" ">
		<subfield code="a">ACFL</subfield>
	</datafield>
	<datafield tag="510" ind1=" " ind2 =" ">
		<subfield code="a">AYCT</subfield>
	</datafield>
	<datafield tag="510" ind1=" " ind2 =" ">
		<subfield code="a">BBBC</subfield>
	</datafield>
	<datafield tag="510" ind1=" " ind2 =" ">
		<subfield code="a">BBFC</subfield>
	</datafield>
	<datafield tag="510" ind1=" " ind2 =" ">
		<subfield code="a">BC84</subfield>
	</datafield>
	<datafield tag="510" ind1=" " ind2 =" ">
		<subfield code="a">BRSR</subfield>
	</datafield>
	<datafield tag="510" ind1=" " ind2 =" ">
		<subfield code="a">BT0J</subfield>
	</datafield>
	<datafield tag="510" ind1=" " ind2 =" ">
		<subfield code="a">BT0K</subfield>
	</datafield>
	<datafield tag="510" ind1=" " ind2 =" ">
		<subfield code="a">BT1J</subfield>
	</datafield>
	<datafield tag="510" ind1=" " ind2 =" ">
		<subfield code="a">BT7J</subfield>
	</datafield>
	<datafield tag="510" ind1=" " ind2 =" ">
		<subfield code="a">BTH4</subfield>
	</datafield>
	<datafield tag="510" ind1=" " ind2 =" ">
		<subfield code="a">BTJ0</subfield>
	</datafield>
	<datafield tag="510" ind1=" " ind2 =" ">
		<subfield code="a">BTJ8</subfield>
	</datafield>
	<datafield tag="510" ind1=" " ind2 =" ">
		<subfield code="a">BTJ9</subfield>
	</datafield>
	<datafield tag="510" ind1=" " ind2 =" ">
		<subfield code="a">CARY</subfield>
	</datafield>
	<datafield tag="510" ind1=" " ind2 =" ">
		<subfield code="a">CC16</subfield>
	</datafield>
	<datafield tag="510" ind1=" " ind2 =" ">
		<subfield code="a">CC17</subfield>
	</datafield>
	<datafield tag="510" ind1=" " ind2 =" ">
		<subfield code="a">CC19</subfield>
	</datafield>
	<datafield tag="510" ind1=" " ind2 =" ">
		<subfield code="a">CHMR</subfield>
	</datafield>
	<datafield tag="510" ind1=" " ind2 =" ">
		<subfield code="a">CLA2</subfield>
	</datafield>
	<datafield tag="510" ind1=" " ind2 =" ">
		<subfield code="a">CMIN</subfield>
	</datafield>
	<datafield tag="510" ind1=" " ind2 =" ">
		<subfield code="a">IBP3</subfield>
	</datafield>
	<datafield tag="510" ind1=" " ind2 =" ">
		<subfield code="a">JH6</subfield>
	</datafield>
	<datafield tag="510" ind1=" " ind2 =" ">
		<subfield code="a">JH7</subfield>
	</datafield>
	<datafield tag="510" ind1=" " ind2 =" ">
		<subfield code="a">JNKE</subfield>
	</datafield>
	<datafield tag="510" ind1=" " ind2 =" ">
		<subfield code="a">LVPL</subfield>
	</datafield>
	<datafield tag="510" ind1=" " ind2 =" ">
		<subfield code="a">NCB7</subfield>
	</datafield>
	<datafield tag="510" ind1=" " ind2 =" ">
		<subfield code="a">NYTP</subfield>
	</datafield>
	<datafield tag="510" ind1=" " ind2 =" ">
		<subfield code="a">OFOF</subfield>
	</datafield>
	<datafield tag="510" ind1=" " ind2 =" ">
		<subfield code="a">PB11</subfield>
	</datafield>
	<datafield tag="510" ind1=" " ind2 =" ">
		<subfield code="a">PBL0</subfield>
	</datafield>
	<datafield tag="510" ind1=" " ind2 =" ">
		<subfield code="a">RDA1</subfield>
	</datafield>
	<datafield tag="510" ind1=" " ind2 =" ">
		<subfield code="a">RDC2</subfield>
	</datafield>
	<datafield tag="510" ind1=" " ind2 =" ">
		<subfield code="a">RDCT</subfield>
	</datafield>
	<datafield tag="510" ind1=" " ind2 =" ">
		<subfield code="a">SH14</subfield>
	</datafield>
	<datafield tag="510" ind1=" " ind2 =" ">
		<subfield code="a">SH15</subfield>
	</datafield>
	<datafield tag="510" ind1=" " ind2 =" ">
		<subfield code="a">SH16</subfield>
	</datafield>
	<datafield tag="510" ind1=" " ind2 =" ">
		<subfield code="a">XBCC</subfield>
	</datafield>
	<datafield tag="510" ind1=" " ind2 =" ">
		<subfield code="a">XBJN</subfield>
	</datafield>
	<datafield tag="510" ind1=" " ind2 =" ">
		<subfield code="a">XBLC</subfield>
	</datafield>
	<datafield tag="510" ind1=" " ind2 =" ">
		<subfield code="a">XBUC</subfield>
	</datafield>
	<datafield tag="510" ind1=" " ind2 =" ">
		<subfield code="a">ZBWC</subfield>
	</datafield>
	<datafield tag="510" ind1=" " ind2 =" ">
		<subfield code="a">ZCA8</subfield>
	</datafield>
	<datafield tag="510" ind1=" " ind2 =" ">
		<subfield code="a">ZCM8</subfield>
	</datafield>
	<datafield tag="510" ind1=" " ind2 =" ">
		<subfield code="a">ZCN5</subfield>
	</datafield>
	<datafield tag="510" ind1=" " ind2 =" ">
		<subfield code="a">ZHE8</subfield>
	</datafield>
	<datafield tag="510" ind1=" " ind2 =" ">
		<subfield code="a">ZHO8</subfield>
	</datafield>
	<datafield tag="510" ind1=" " ind2 =" ">
		<subfield code="a">ZLTN</subfield>
	</datafield>
	<datafield tag="510" ind1=" " ind2 =" ">
		<subfield code="a">ZSF5</subfield>
	</datafield>
	<datafield tag="510" ind1=" " ind2 =" ">
		<subfield code="a">ZTH7</subfield>
	</datafield>
	<datafield tag="510" ind1=" " ind2 =" ">
		<subfield code="a">ZZSP</subfield>
	</datafield>
	<datafield tag="520" ind1=" " ind2 =" ">
		<subfield code="a">A Welsh poet recalls the celebration of Christmas in Wales and the feelings it evoked in him as a child.</subfield>
	</datafield>
	<datafield tag="600" ind1="1" ind2 ="0">
		<subfield code="a">Thomas, Dylan,</subfield>
		<subfield code="d">1914-1953</subfield>
		<subfield code="x">Childhood and youth.</subfield>
	</datafield>
	<datafield tag="600" ind1="1" ind2 ="0">
		<subfield code="a">Thomas, Dylan,</subfield>
		<subfield code="d">1914-1953</subfield>
		<subfield code="x">Homes and haunts</subfield>
		<subfield code="z">Wales.</subfield>
	</datafield>
	<datafield tag="650" ind1=" " ind2 ="0">
		<subfield code="a">Poets, Welsh</subfield>
		<subfield code="y">20th century</subfield>
		<subfield code="x">Biography.</subfield>
	</datafield>
	<datafield tag="650" ind1=" " ind2 ="0">
		<subfield code="a">Christmas</subfield>
		<subfield code="z">Wales.</subfield>
	</datafield>
	<datafield tag="600" ind1="1" ind2 ="1">
		<subfield code="a">Thomas, Dylan,</subfield>
		<subfield code="d">1914-1953</subfield>
		<subfield code="x">Childhood and youth.</subfield>
	</datafield>
	<datafield tag="650" ind1=" " ind2 ="1">
		<subfield code="a">Poets, Welsh.</subfield>
	</datafield>
	<datafield tag="650" ind1=" " ind2 ="1">
		<subfield code="a">Christmas</subfield>
		<subfield code="z">Wales.</subfield>
	</datafield>
	<datafield tag="700" ind1="1" ind2 =" ">
		<subfield code="a">Ardizzone, Edward,</subfield>
		<subfield code="d">1900-1979,</subfield>
		<subfield code="e">ill.</subfield>
	</datafield>
	<datafield tag="902" ind1=" " ind2 =" ">
		<subfield code="a">4-6</subfield>
	</datafield>
	<datafield tag="904" ind1=" " ind2 =" ">
		<subfield code="a">1060</subfield>
	</datafield>
	<datafield tag="912" ind1=" " ind2 =" ">
		<subfield code="i">24</subfield>
	</datafield>
	<datafield tag="914" ind1=" " ind2 =" ">
		<subfield code="a">OS</subfield>
		<subfield code="d">GODIN</subfield>
		<subfield code="e">GODIN</subfield>
		<subfield code="f">212</subfield>
		<subfield code="g">BOOK</subfield>
		<subfield code="h">0.00</subfield>
		<subfield code="l">JUVENILE FICTION / Holidays &amp; Celebrations / Christmas &amp; Advent</subfield>
		<subfield code="m">M</subfield>
		<subfield code="o">JUV017010</subfield>
		<subfield code="w">BOOK</subfield>
		<subfield code="z">45</subfield>
	</datafield>
	<datafield tag="922" ind1=" " ind2 =" ">
		<subfield code="a">ocm06934505</subfield>
	</datafield>
	<datafield tag="927" ind1=" " ind2 =" ">
		<subfield code="a">AUb10187199</subfield>
	</datafield>
	<datafield tag="930" ind1="1" ind2 ="2">
		<subfield code="a">A Child's Christmas in Wales</subfield>
		<subfield code="c">A Child's Christmas in Wales</subfield>
		<subfield code="d">Childs Christmas in Wales</subfield>
		<subfield code="e">A</subfield>
		<subfield code="f">2</subfield>
	</datafield>
	<datafield tag="940" ind1=" " ind2 =" ">
		<subfield code="a">Thomas, Dylan/ Ardizzone, Edward (ILT)</subfield>
		<subfield code="b">Thomas, Dylan</subfield>
		<subfield code="b">Ardizzone, Edward (ILT)</subfield>
	</datafield>
	<datafield tag="941" ind1=" " ind2 =" ">
		<subfield code="a">0879233397</subfield>
	</datafield>
	<datafield tag="942" ind1=" " ind2 =" ">
		<subfield code="a">16.95</subfield>
		<subfield code="d">USD</subfield>
	</datafield>
	<datafield tag="943" ind1=" " ind2 =" ">
		<subfield code="a">HRD</subfield>
		<subfield code="b">A</subfield>
		<subfield code="c">JN</subfield>
		<subfield code="d">JUV</subfield>
		<subfield code="e">ENG</subfield>
	</datafield>
	<datafield tag="947" ind1=" " ind2 =" ">
		<subfield code="a">BTB</subfield>
		<subfield code="b">13333</subfield>
		<subfield code="z">BNT</subfield>
	</datafield>
	<datafield tag="948" ind1=" " ind2 =" ">
		<subfield code="c">1980/10/01</subfield>
	</datafield>
	<datafield tag="949" ind1=" " ind2 =" ">
		<subfield code="a">9.50</subfield>
		<subfield code="b">7.75</subfield>
		<subfield code="c">0.25</subfield>
		<subfield code="d">IN</subfield>
		<subfield code="e">LB</subfield>
		<subfield code="f">0.80</subfield>
		<subfield code="g">0.80</subfield>
		<subfield code="i">1980/06/01</subfield>
		<subfield code="j">2008/03/25</subfield>
	</datafield>
	<datafield tag="953" ind1=" " ind2 =" ">
		<subfield code="a">David R Godine Pub</subfield>
		<subfield code="b">Po Box 450</subfield>
		<subfield code="f">Jaffrey</subfield>
		<subfield code="g">NH</subfield>
		<subfield code="h">USA</subfield>
		<subfield code="i">03452</subfield>
		<subfield code="l">David R Godine Pub</subfield>
	</datafield>
	<datafield tag="954" ind1=" " ind2 =" ">
		<subfield code="g">3397</subfield>
	</datafield>
	<datafield tag="955" ind1=" " ind2 =" ">
		<subfield code="a">Hardcover</subfield>
		<subfield code="c">Primary</subfield>
	</datafield>
</record>