
<record>
	<leader>01686cam  22005171i 4500</leader>
	<controlfield tag="001">BK0000113211</controlfield>
	<controlfield tag="005">20041112115512.0</controlfield>
	<controlfield tag="008">771129s1965    nyu    j      000 1 eng  </controlfield>
	<datafield tag="010" ind1=" " ind2 =" ">
		<subfield code="a">65017195</subfield>
	</datafield>
	<datafield tag="020" ind1=" " ind2 =" ">
		<subfield code="a">0448054779 : HRD</subfield>
		<subfield code="c">$2.95</subfield>
	</datafield>
	<datafield tag="037" ind1=" " ind2 =" ">
		<subfield code="b">Penguin Group USA, Order Processing Dept 120 Woodbine st, Bergenfield, NJ, USA, 07621</subfield>
		<subfield code="n">SAN 282-5074</subfield>
	</datafield>
	<datafield tag="040" ind1=" " ind2 =" ">
		<subfield code="a">DLC</subfield>
		<subfield code="c">MoS</subfield>
		<subfield code="d">OCoLC</subfield>
		<subfield code="d">ICFC</subfield>
		<subfield code="d">DLC</subfield>
		<subfield code="d">NjBwBT</subfield>
	</datafield>
	<datafield tag="050" ind1="0" ind2 ="0">
		<subfield code="a">PZ3.C59</subfield>
		<subfield code="b">Pr49</subfield>
	</datafield>
	<datafield tag="050" ind1="0" ind2 ="0">
		<subfield code="a">PS1316</subfield>
	</datafield>
	<datafield tag="082" ind1=" " ind2 =" ">
		<subfield code="a">FIC</subfield>
	</datafield>
	<datafield tag="092" ind1=" " ind2 =" ">
		<subfield code="a">FIC</subfield>
	</datafield>
	<datafield tag="100" ind1="1" ind2 =" ">
		<subfield code="a">Twain, Mark,</subfield>
		<subfield code="d">1835-1910.</subfield>
	</datafield>
	<datafield tag="245" ind1="1" ind2 ="4">
		<subfield code="a">The prince and the pauper /</subfield>
		<subfield code="c">Samuel Clemens.</subfield>
	</datafield>
	<datafield tag="260" ind1=" " ind2 =" ">
		<subfield code="a">New York :</subfield>
		<subfield code="b">Grosset &amp; Dunlap,</subfield>
		<subfield code="c">1965.</subfield>
	</datafield>
	<datafield tag="300" ind1=" " ind2 =" ">
		<subfield code="a">x, 256 p. :</subfield>
		<subfield code="b">ill. ;</subfield>
		<subfield code="c">20 cm.</subfield>
	</datafield>
	<datafield tag="490" ind1="0" ind2 =" ">
		<subfield code="a">Companion library.</subfield>
	</datafield>
	<datafield tag="500" ind1=" " ind2 =" ">
		<subfield code="a">On cover: Illustrated by Frank Vaughn.</subfield>
	</datafield>
	<datafield tag="510" ind1=" " ind2 =" ">
		<subfield code="a">BREN</subfield>
	</datafield>
	<datafield tag="510" ind1=" " ind2 =" ">
		<subfield code="a">JH5</subfield>
	</datafield>
	<datafield tag="510" ind1=" " ind2 =" ">
		<subfield code="a">XBLM</subfield>
	</datafield>
	<datafield tag="510" ind1=" " ind2 =" ">
		<subfield code="a">ZBWC</subfield>
	</datafield>
	<datafield tag="510" ind1=" " ind2 =" ">
		<subfield code="a">ZCM8</subfield>
	</datafield>
	<datafield tag="510" ind1=" " ind2 =" ">
		<subfield code="a">ZCN5</subfield>
	</datafield>
	<datafield tag="510" ind1=" " ind2 =" ">
		<subfield code="a">ZLTN</subfield>
	</datafield>
	<datafield tag="520" ind1=" " ind2 =" ">
		<subfield code="a">The American humorist's classic tale of Tudor England in which a poor boy and a prince exchange places</subfield>
	</datafield>
	<datafield tag="700" ind1="1" ind2 =" ">
		<subfield code="a">James, Frank,</subfield>
		<subfield code="d">1844-1915,</subfield>
		<subfield code="e">ill.</subfield>
	</datafield>
	<datafield tag="902" ind1=" " ind2 =" ">
		<subfield code="a">4-6</subfield>
	</datafield>
	<datafield tag="912" ind1=" " ind2 =" ">
		<subfield code="i">24</subfield>
	</datafield>
	<datafield tag="914" ind1=" " ind2 =" ">
		<subfield code="a">OP</subfield>
		<subfield code="d">GROSS</subfield>
		<subfield code="e">PENGJ</subfield>
		<subfield code="f">500</subfield>
		<subfield code="g">BOOK</subfield>
		<subfield code="h">0.00</subfield>
		<subfield code="m">M</subfield>
		<subfield code="w">BOOK</subfield>
	</datafield>
	<datafield tag="922" ind1=" " ind2 =" ">
		<subfield code="a">ocm03450589</subfield>
	</datafield>
	<datafield tag="927" ind1=" " ind2 =" ">
		<subfield code="a">AUb10273506</subfield>
	</datafield>
	<datafield tag="930" ind1="1" ind2 ="0">
		<subfield code="a">Prince and the Pauper</subfield>
		<subfield code="c">Prince and the Pauper</subfield>
		<subfield code="d">Prince and the Pauper</subfield>
		<subfield code="f">0</subfield>
	</datafield>
	<datafield tag="940" ind1=" " ind2 =" ">
		<subfield code="a">Twain, Mark</subfield>
		<subfield code="b">Twain, Mark</subfield>
	</datafield>
	<datafield tag="941" ind1=" " ind2 =" ">
		<subfield code="a">0448054779</subfield>
	</datafield>
	<datafield tag="942" ind1=" " ind2 =" ">
		<subfield code="a">2.95</subfield>
		<subfield code="d">USD</subfield>
	</datafield>
	<datafield tag="943" ind1=" " ind2 =" ">
		<subfield code="a">HRD</subfield>
		<subfield code="b">A</subfield>
		<subfield code="c">JF</subfield>
		<subfield code="d">JUV</subfield>
		<subfield code="e">ENG</subfield>
	</datafield>
	<datafield tag="947" ind1=" " ind2 =" ">
		<subfield code="a">BTB</subfield>
		<subfield code="b">25313</subfield>
		<subfield code="z">BNT</subfield>
	</datafield>
	<datafield tag="948" ind1=" " ind2 =" ">
		<subfield code="c">1974/03/01</subfield>
	</datafield>
	<datafield tag="949" ind1=" " ind2 =" ">
		<subfield code="i">1972/06/01</subfield>
		<subfield code="j">2008/03/23</subfield>
	</datafield>
	<datafield tag="953" ind1=" " ind2 =" ">
		<subfield code="a">Penguin Group USA</subfield>
		<subfield code="b">Order Processing Dept</subfield>
		<subfield code="c">120 Woodbine st</subfield>
		<subfield code="f">Bergenfield</subfield>
		<subfield code="g">NJ</subfield>
		<subfield code="h">USA</subfield>
		<subfield code="i">07621</subfield>
		<subfield code="l">Grosset &amp; Dunlap</subfield>
	</datafield>
	<datafield tag="955" ind1=" " ind2 =" ">
		<subfield code="a">Hardcover</subfield>
		<subfield code="c">Primary</subfield>
	</datafield>
</record>