
<record>
	<leader>03193cam  2201069   4500</leader>
	<controlfield tag="001">BK0000179430</controlfield>
	<controlfield tag="005">20041115173231.0</controlfield>
	<controlfield tag="008">731003s1967    nyua     b    000 1 eng  </controlfield>
	<datafield tag="010" ind1=" " ind2 =" ">
		<subfield code="a">66011309</subfield>
	</datafield>
	<datafield tag="020" ind1=" " ind2 =" ">
		<subfield code="a">039309670X : PAP</subfield>
		<subfield code="c">$16.35</subfield>
	</datafield>
	<datafield tag="037" ind1=" " ind2 =" ">
		<subfield code="b">W W Norton &amp; Co Inc, 800 Keystone Industrial Park, Scranton, PA, USA, 18512</subfield>
		<subfield code="n">SAN 202-5795</subfield>
	</datafield>
	<datafield tag="040" ind1=" " ind2 =" ">
		<subfield code="a">DLC</subfield>
		<subfield code="c">DLC</subfield>
		<subfield code="d">DLC</subfield>
		<subfield code="d">OCoLC</subfield>
		<subfield code="d">NjBwBT</subfield>
	</datafield>
	<datafield tag="050" ind1="0" ind2 ="0">
		<subfield code="a">PZ3.M498</subfield>
		<subfield code="b">Mo76</subfield>
	</datafield>
	<datafield tag="050" ind1="0" ind2 ="0">
		<subfield code="a">PS2384.M6</subfield>
	</datafield>
	<datafield tag="082" ind1=" " ind2 =" ">
		<subfield code="a">FIC</subfield>
	</datafield>
	<datafield tag="092" ind1=" " ind2 =" ">
		<subfield code="a">FIC</subfield>
	</datafield>
	<datafield tag="100" ind1="1" ind2 =" ">
		<subfield code="a">Melville, Herman,</subfield>
		<subfield code="d">1819-1891.</subfield>
	</datafield>
	<datafield tag="245" ind1="1" ind2 ="0">
		<subfield code="a">Moby-Dick:</subfield>
		<subfield code="b">An authoritative text;</subfield>
		<subfield code="c">Reviews and letters by Melville; Analogues and sources; Criticism. Edited by Harrison Hayford [and] Hershel Parker. Pictorial materials prepared by John B. Putnam.</subfield>
	</datafield>
	<datafield tag="250" ind1=" " ind2 =" ">
		<subfield code="a">[1st ed.]</subfield>
	</datafield>
	<datafield tag="260" ind1=" " ind2 =" ">
		<subfield code="a">New York,</subfield>
		<subfield code="b">W. W. Norton</subfield>
		<subfield code="c">[1967]</subfield>
	</datafield>
	<datafield tag="300" ind1=" " ind2 =" ">
		<subfield code="a">xviii, 728 p.</subfield>
		<subfield code="b">illus.</subfield>
		<subfield code="c">20 cm.</subfield>
	</datafield>
	<datafield tag="490" ind1="0" ind2 =" ">
		<subfield code="a">A Norton critical edition.</subfield>
	</datafield>
	<datafield tag="504" ind1=" " ind2 =" ">
		<subfield code="a">Includes bibliographical references.</subfield>
	</datafield>
	<datafield tag="510" ind1=" " ind2 =" ">
		<subfield code="a">AAAF</subfield>
	</datafield>
	<datafield tag="510" ind1=" " ind2 =" ">
		<subfield code="a">AAAW</subfield>
	</datafield>
	<datafield tag="510" ind1=" " ind2 =" ">
		<subfield code="a">AACC</subfield>
	</datafield>
	<datafield tag="510" ind1=" " ind2 =" ">
		<subfield code="a">AACL</subfield>
	</datafield>
	<datafield tag="510" ind1=" " ind2 =" ">
		<subfield code="a">BT0K</subfield>
	</datafield>
	<datafield tag="510" ind1=" " ind2 =" ">
		<subfield code="a">BT1K</subfield>
	</datafield>
	<datafield tag="510" ind1=" " ind2 =" ">
		<subfield code="a">BT2K</subfield>
	</datafield>
	<datafield tag="510" ind1=" " ind2 =" ">
		<subfield code="a">BT3K</subfield>
	</datafield>
	<datafield tag="510" ind1=" " ind2 =" ">
		<subfield code="a">BT9K</subfield>
	</datafield>
	<datafield tag="510" ind1=" " ind2 =" ">
		<subfield code="a">BTBC</subfield>
	</datafield>
	<datafield tag="510" ind1=" " ind2 =" ">
		<subfield code="a">BTRS</subfield>
	</datafield>
	<datafield tag="510" ind1=" " ind2 =" ">
		<subfield code="a">CLSC</subfield>
	</datafield>
	<datafield tag="510" ind1=" " ind2 =" ">
		<subfield code="a">CTBC</subfield>
	</datafield>
	<datafield tag="510" ind1=" " ind2 =" ">
		<subfield code="a">CTBD</subfield>
	</datafield>
	<datafield tag="510" ind1=" " ind2 =" ">
		<subfield code="a">CTBE</subfield>
	</datafield>
	<datafield tag="510" ind1=" " ind2 =" ">
		<subfield code="a">CTBG</subfield>
	</datafield>
	<datafield tag="510" ind1=" " ind2 =" ">
		<subfield code="a">CTBH</subfield>
	</datafield>
	<datafield tag="510" ind1=" " ind2 =" ">
		<subfield code="a">FC13</subfield>
	</datafield>
	<datafield tag="510" ind1=" " ind2 =" ">
		<subfield code="a">JTMP</subfield>
	</datafield>
	<datafield tag="510" ind1=" " ind2 =" ">
		<subfield code="a">OBC6</subfield>
	</datafield>
	<datafield tag="510" ind1=" " ind2 =" ">
		<subfield code="a">SH13</subfield>
	</datafield>
	<datafield tag="510" ind1=" " ind2 =" ">
		<subfield code="a">SH15</subfield>
	</datafield>
	<datafield tag="510" ind1=" " ind2 =" ">
		<subfield code="a">STP1</subfield>
	</datafield>
	<datafield tag="510" ind1=" " ind2 =" ">
		<subfield code="a">VCS1</subfield>
	</datafield>
	<datafield tag="510" ind1=" " ind2 =" ">
		<subfield code="a">VCW0</subfield>
	</datafield>
	<datafield tag="510" ind1=" " ind2 =" ">
		<subfield code="a">VCW1</subfield>
	</datafield>
	<datafield tag="510" ind1=" " ind2 =" ">
		<subfield code="a">VMS0</subfield>
	</datafield>
	<datafield tag="510" ind1=" " ind2 =" ">
		<subfield code="a">VNF0</subfield>
	</datafield>
	<datafield tag="510" ind1=" " ind2 =" ">
		<subfield code="a">VNS0</subfield>
	</datafield>
	<datafield tag="510" ind1=" " ind2 =" ">
		<subfield code="a">VNW0</subfield>
	</datafield>
	<datafield tag="510" ind1=" " ind2 =" ">
		<subfield code="a">VPF0</subfield>
	</datafield>
	<datafield tag="510" ind1=" " ind2 =" ">
		<subfield code="a">VPF1</subfield>
	</datafield>
	<datafield tag="510" ind1=" " ind2 =" ">
		<subfield code="a">VPF2</subfield>
	</datafield>
	<datafield tag="510" ind1=" " ind2 =" ">
		<subfield code="a">VPS1</subfield>
	</datafield>
	<datafield tag="510" ind1=" " ind2 =" ">
		<subfield code="a">XODC</subfield>
	</datafield>
	<datafield tag="510" ind1=" " ind2 =" ">
		<subfield code="a">XOER</subfield>
	</datafield>
	<datafield tag="510" ind1=" " ind2 =" ">
		<subfield code="a">ZHC7</subfield>
	</datafield>
	<datafield tag="510" ind1=" " ind2 =" ">
		<subfield code="a">ZHO8</subfield>
	</datafield>
	<datafield tag="510" ind1=" " ind2 =" ">
		<subfield code="a">ZMWD</subfield>
	</datafield>
	<datafield tag="510" ind1=" " ind2 =" ">
		<subfield code="a">ZUC1</subfield>
	</datafield>
	<datafield tag="510" ind1=" " ind2 =" ">
		<subfield code="a">ZZWK</subfield>
	</datafield>
	<datafield tag="520" ind1=" " ind2 =" ">
		<subfield code="a">The story of the fated voyage of the whaler Pequod plus critical essays, excerpts from Melville's letters, and information on whaling</subfield>
	</datafield>
	<datafield tag="600" ind1="1" ind2 ="0">
		<subfield code="a">Melville, Herman,</subfield>
		<subfield code="d">1819-1891.</subfield>
		<subfield code="t">Moby Dick.</subfield>
	</datafield>
	<datafield tag="650" ind1=" " ind2 ="0">
		<subfield code="a">Ahab, Captain (Fictitious character)</subfield>
		<subfield code="v">Fiction.</subfield>
	</datafield>
	<datafield tag="650" ind1=" " ind2 ="0">
		<subfield code="a">Whaling ships</subfield>
		<subfield code="v">Fiction.</subfield>
	</datafield>
	<datafield tag="650" ind1=" " ind2 ="0">
		<subfield code="a">Ship captains</subfield>
		<subfield code="v">Fiction.</subfield>
	</datafield>
	<datafield tag="650" ind1=" " ind2 ="0">
		<subfield code="a">Mentally ill</subfield>
		<subfield code="v">Fiction.</subfield>
	</datafield>
	<datafield tag="650" ind1=" " ind2 ="0">
		<subfield code="a">Whaling</subfield>
		<subfield code="v">Fiction.</subfield>
	</datafield>
	<datafield tag="650" ind1=" " ind2 ="0">
		<subfield code="a">Whales</subfield>
		<subfield code="v">Fiction.</subfield>
	</datafield>
	<datafield tag="655" ind1=" " ind2 ="7">
		<subfield code="a">Psychological fiction.</subfield>
		<subfield code="2">lcsh</subfield>
	</datafield>
	<datafield tag="655" ind1=" " ind2 ="7">
		<subfield code="a">Adventure stories.</subfield>
		<subfield code="2">gsafd</subfield>
	</datafield>
	<datafield tag="655" ind1=" " ind2 ="7">
		<subfield code="a">Sea stories.</subfield>
		<subfield code="2">lcsh</subfield>
	</datafield>
	<datafield tag="700" ind1="1" ind2 =" ">
		<subfield code="a">Hayford, Harrison,</subfield>
		<subfield code="e">ed.</subfield>
	</datafield>
	<datafield tag="700" ind1="1" ind2 =" ">
		<subfield code="a">Parker, Hershel,</subfield>
		<subfield code="e">ed.</subfield>
	</datafield>
	<datafield tag="904" ind1=" " ind2 =" ">
		<subfield code="a">1140</subfield>
	</datafield>
	<datafield tag="914" ind1=" " ind2 =" ">
		<subfield code="a">OP</subfield>
		<subfield code="d">NRTNC</subfield>
		<subfield code="e">NRTWW</subfield>
		<subfield code="f">500</subfield>
		<subfield code="g">BOOK</subfield>
		<subfield code="h">0.00</subfield>
		<subfield code="l">FICTION / Classics</subfield>
		<subfield code="m">M</subfield>
		<subfield code="o">FIC004000</subfield>
		<subfield code="w">BOOK</subfield>
	</datafield>
	<datafield tag="922" ind1=" " ind2 =" ">
		<subfield code="a">ocm00953128</subfield>
	</datafield>
	<datafield tag="927" ind1=" " ind2 =" ">
		<subfield code="a">AUb10143147</subfield>
	</datafield>
	<datafield tag="930" ind1="1" ind2 ="0">
		<subfield code="a">Moby-Dick</subfield>
		<subfield code="b">An Authoritative Text</subfield>
		<subfield code="c">Moby-Dick : An Authoritative Text</subfield>
		<subfield code="d">Moby Dick an Authoritative Text</subfield>
		<subfield code="f">0</subfield>
	</datafield>
	<datafield tag="940" ind1=" " ind2 =" ">
		<subfield code="a">Melville, Herman</subfield>
		<subfield code="b">Melville, Herman</subfield>
	</datafield>
	<datafield tag="941" ind1=" " ind2 =" ">
		<subfield code="a">039309670X</subfield>
	</datafield>
	<datafield tag="942" ind1=" " ind2 =" ">
		<subfield code="a">16.35</subfield>
		<subfield code="d">USD</subfield>
	</datafield>
	<datafield tag="943" ind1=" " ind2 =" ">
		<subfield code="a">PAP</subfield>
		<subfield code="b">D</subfield>
		<subfield code="c">FI</subfield>
		<subfield code="d">TXT</subfield>
		<subfield code="e">ENG</subfield>
	</datafield>
	<datafield tag="947" ind1=" " ind2 =" ">
		<subfield code="a">BTB</subfield>
		<subfield code="b">40081</subfield>
		<subfield code="z">BNT</subfield>
	</datafield>
	<datafield tag="948" ind1=" " ind2 =" ">
		<subfield code="c">1967/08/01</subfield>
	</datafield>
	<datafield tag="949" ind1=" " ind2 =" ">
		<subfield code="a">8.50</subfield>
		<subfield code="b">5.25</subfield>
		<subfield code="c">1.00</subfield>
		<subfield code="d">IN</subfield>
		<subfield code="e">LB</subfield>
		<subfield code="f">1.10</subfield>
		<subfield code="g">1.10</subfield>
		<subfield code="i">1972/06/01</subfield>
		<subfield code="j">2008/03/23</subfield>
	</datafield>
	<datafield tag="953" ind1=" " ind2 =" ">
		<subfield code="a">W W Norton &amp; Co Inc</subfield>
		<subfield code="b">800 Keystone Industrial Park</subfield>
		<subfield code="f">Scranton</subfield>
		<subfield code="g">PA</subfield>
		<subfield code="h">USA</subfield>
		<subfield code="i">18512</subfield>
		<subfield code="l">W W Norton &amp; Co Inc</subfield>
	</datafield>
	<datafield tag="954" ind1=" " ind2 =" ">
		<subfield code="c">2002.06.15</subfield>
		<subfield code="d">OBSOLETE</subfield>
	</datafield>
	<datafield tag="955" ind1=" " ind2 =" ">
		<subfield code="a">Paperback</subfield>
		<subfield code="c">Primary</subfield>
	</datafield>
</record>