
<record>
	<leader>01883cam  2200577 a 4500</leader>
	<controlfield tag="001">BK0000188353</controlfield>
	<controlfield tag="003">AU</controlfield>
	<controlfield tag="005">19990716000000.0</controlfield>
	<controlfield tag="008">830616s1984    ilu      b    000 0 eng  </controlfield>
	<datafield tag="010" ind1=" " ind2 =" ">
		<subfield code="a">83009126</subfield>
	</datafield>
	<datafield tag="020" ind1=" " ind2 =" ">
		<subfield code="a">0198114869 : PAP</subfield>
		<subfield code="c">$35.00</subfield>
	</datafield>
	<datafield tag="037" ind1=" " ind2 =" ">
		<subfield code="b">Oxford Univ Pr, 2001 Evans rd, Cary, NC, USA, 27513</subfield>
		<subfield code="n">SAN 202-5892</subfield>
	</datafield>
	<datafield tag="040" ind1=" " ind2 =" ">
		<subfield code="a">DLC</subfield>
		<subfield code="c">DLC</subfield>
		<subfield code="d">DLC</subfield>
	</datafield>
	<datafield tag="050" ind1="0" ind2 ="0">
		<subfield code="a">PR2065</subfield>
		<subfield code="b">.G3 1984</subfield>
	</datafield>
	<datafield tag="082" ind1="0" ind2 ="0">
		<subfield code="a">821/.1</subfield>
		<subfield code="2">19</subfield>
	</datafield>
	<datafield tag="092" ind1=" " ind2 =" ">
		<subfield code="a">821.1000</subfield>
	</datafield>
	<datafield tag="100" ind1=" " ind2 =" ">
		<subfield code="a">Tolkien, J. R. R.</subfield>
	</datafield>
	<datafield tag="130" ind1=" " ind2 =" ">
		<subfield code="a">Gawain and the Grene Knight.</subfield>
	</datafield>
	<datafield tag="245" ind1="1" ind2 ="0">
		<subfield code="a">Sir Gawain &amp; the Green Knight :</subfield>
		<subfield code="b">a new critical edition /</subfield>
		<subfield code="c">[edited by] Theodore Silverstein.</subfield>
	</datafield>
	<datafield tag="260" ind1=" " ind2 =" ">
		<subfield code="a">Chicago :</subfield>
		<subfield code="b">University of Chicago Press,</subfield>
		<subfield code="c">1984.</subfield>
	</datafield>
	<datafield tag="300" ind1=" " ind2 =" ">
		<subfield code="a">x, 268 p. ;</subfield>
		<subfield code="c">24 cm.</subfield>
	</datafield>
	<datafield tag="504" ind1=" " ind2 =" ">
		<subfield code="a">Bibliography: p. [169]-181.</subfield>
	</datafield>
	<datafield tag="510" ind1=" " ind2 =" ">
		<subfield code="a">BT0K</subfield>
	</datafield>
	<datafield tag="510" ind1=" " ind2 =" ">
		<subfield code="a">BT1K</subfield>
	</datafield>
	<datafield tag="510" ind1=" " ind2 =" ">
		<subfield code="a">CLSC</subfield>
	</datafield>
	<datafield tag="510" ind1=" " ind2 =" ">
		<subfield code="a">RDA1</subfield>
	</datafield>
	<datafield tag="510" ind1=" " ind2 =" ">
		<subfield code="a">SH13</subfield>
	</datafield>
	<datafield tag="510" ind1=" " ind2 =" ">
		<subfield code="a">SHPC</subfield>
	</datafield>
	<datafield tag="510" ind1=" " ind2 =" ">
		<subfield code="a">ZC96</subfield>
	</datafield>
	<datafield tag="510" ind1=" " ind2 =" ">
		<subfield code="a">ZCM8</subfield>
	</datafield>
	<datafield tag="510" ind1=" " ind2 =" ">
		<subfield code="a">ZCN5</subfield>
	</datafield>
	<datafield tag="510" ind1=" " ind2 =" ">
		<subfield code="a">ZLTN</subfield>
	</datafield>
	<datafield tag="650" ind1=" " ind2 ="0">
		<subfield code="a">Gawain (Legendary character)</subfield>
		<subfield code="x">Romances.</subfield>
	</datafield>
	<datafield tag="650" ind1=" " ind2 ="0">
		<subfield code="a">Knights and knighthood</subfield>
		<subfield code="x">Poetry.</subfield>
	</datafield>
	<datafield tag="650" ind1=" " ind2 ="0">
		<subfield code="a">Arthurian romances.</subfield>
	</datafield>
	<datafield tag="700" ind1="1" ind2 =" ">
		<subfield code="a">Silverstein, Theodore.</subfield>
	</datafield>
	<datafield tag="740" ind1="0" ind2 =" ">
		<subfield code="a">Sir Gawain and the Green Knight.</subfield>
	</datafield>
	<datafield tag="914" ind1=" " ind2 =" ">
		<subfield code="d">UOXFD</subfield>
		<subfield code="e">UOXFD</subfield>
		<subfield code="f">710</subfield>
		<subfield code="g">BOOK</subfield>
		<subfield code="h">0.00</subfield>
		<subfield code="l">SCIENCE / Life Sciences / Zoology / General</subfield>
		<subfield code="m">M</subfield>
		<subfield code="o">SCI070000</subfield>
		<subfield code="w">BOOK</subfield>
	</datafield>
	<datafield tag="922" ind1=" " ind2 =" ">
		<subfield code="a">ocm09686994</subfield>
	</datafield>
	<datafield tag="927" ind1=" " ind2 =" ">
		<subfield code="a">AUb11921755</subfield>
	</datafield>
	<datafield tag="930" ind1="1" ind2 ="0">
		<subfield code="a">Sir Gawain and the Green Knight</subfield>
		<subfield code="c">Sir Gawain and the Green Knight</subfield>
		<subfield code="d">Sir Gawain and the Green Knight</subfield>
		<subfield code="f">0</subfield>
	</datafield>
	<datafield tag="932" ind1=" " ind2 =" ">
		<subfield code="a">2</subfield>
	</datafield>
	<datafield tag="940" ind1=" " ind2 =" ">
		<subfield code="a">Tolkien, J. R. R.</subfield>
		<subfield code="b">Tolkien, J. R. R.</subfield>
	</datafield>
	<datafield tag="941" ind1=" " ind2 =" ">
		<subfield code="a">0198114869</subfield>
	</datafield>
	<datafield tag="942" ind1=" " ind2 =" ">
		<subfield code="a">35.00</subfield>
		<subfield code="d">USD</subfield>
	</datafield>
	<datafield tag="943" ind1=" " ind2 =" ">
		<subfield code="a">PAP</subfield>
		<subfield code="b">A</subfield>
		<subfield code="c">NF</subfield>
		<subfield code="d">UP</subfield>
		<subfield code="e">ENG</subfield>
	</datafield>
	<datafield tag="947" ind1=" " ind2 =" ">
		<subfield code="a">BTB</subfield>
		<subfield code="b">42022</subfield>
		<subfield code="z">BNT</subfield>
	</datafield>
	<datafield tag="948" ind1=" " ind2 =" ">
		<subfield code="c">1968/12/31</subfield>
	</datafield>
	<datafield tag="949" ind1=" " ind2 =" ">
		<subfield code="a">8.50</subfield>
		<subfield code="b">5.50</subfield>
		<subfield code="c">0.75</subfield>
		<subfield code="d">IN</subfield>
		<subfield code="e">LB</subfield>
		<subfield code="f">0.75</subfield>
		<subfield code="g">0.75</subfield>
		<subfield code="i">1972/09/01</subfield>
		<subfield code="j">2008/03/25</subfield>
	</datafield>
	<datafield tag="953" ind1=" " ind2 =" ">
		<subfield code="a">Oxford Univ Pr</subfield>
		<subfield code="b">2001 Evans rd</subfield>
		<subfield code="f">Cary</subfield>
		<subfield code="g">NC</subfield>
		<subfield code="h">USA</subfield>
		<subfield code="i">27513</subfield>
		<subfield code="l">Oxford Univ Pr</subfield>
	</datafield>
	<datafield tag="955" ind1=" " ind2 =" ">
		<subfield code="a">Paperback</subfield>
		<subfield code="c">Primary</subfield>
		<subfield code="e">2</subfield>
	</datafield>
</record>