
<record>
	<leader>03130cam  2201213   4500</leader>
	<controlfield tag="001">BK0000228252</controlfield>
	<controlfield tag="003">DLC</controlfield>
	<controlfield tag="005">20070727212920.0</controlfield>
	<controlfield tag="008">740110t19731952maua   j      000 1 eng  </controlfield>
	<datafield tag="010" ind1=" " ind2 =" ">
		<subfield code="a">73180856</subfield>
	</datafield>
	<datafield tag="020" ind1=" " ind2 =" ">
		<subfield code="a">039516964X : SAL</subfield>
		<subfield code="c">$16.00</subfield>
	</datafield>
	<datafield tag="037" ind1=" " ind2 =" ">
		<subfield code="b">Houghton Mifflin, Attn: Trade Order Processing 181 Ballardvale st, Wilmington, MA, USA, 01887</subfield>
		<subfield code="n">SAN 215-3793</subfield>
	</datafield>
	<datafield tag="040" ind1=" " ind2 =" ">
		<subfield code="a">DLC</subfield>
		<subfield code="c">DLC</subfield>
		<subfield code="d">DLC</subfield>
	</datafield>
	<datafield tag="050" ind1="0" ind2 ="0">
		<subfield code="a">PZ7.R33</subfield>
		<subfield code="b">Cu11</subfield>
	</datafield>
	<datafield tag="082" ind1="0" ind2 ="0">
		<subfield code="a">[E]</subfield>
	</datafield>
	<datafield tag="092" ind1=" " ind2 =" ">
		<subfield code="a">E</subfield>
	</datafield>
	<datafield tag="100" ind1="1" ind2 =" ">
		<subfield code="a">Rey, H. A.</subfield>
		<subfield code="q">(Hans Augusto),</subfield>
		<subfield code="d">1898-1977.</subfield>
	</datafield>
	<datafield tag="245" ind1="1" ind2 ="0">
		<subfield code="a">Curious George rides a bike</subfield>
		<subfield code="c">[by] H. A. Rey.</subfield>
	</datafield>
	<datafield tag="260" ind1=" " ind2 =" ">
		<subfield code="a">Boston,</subfield>
		<subfield code="b">Houghton Mifflin,</subfield>
		<subfield code="c">[1973, c1952]</subfield>
	</datafield>
	<datafield tag="300" ind1=" " ind2 =" ">
		<subfield code="a">45 p.</subfield>
		<subfield code="b">illus.</subfield>
		<subfield code="c">23 cm.</subfield>
	</datafield>
	<datafield tag="350" ind1=" " ind2 =" ">
		<subfield code="a">$0.95</subfield>
	</datafield>
	<datafield tag="490" ind1="0" ind2 =" ">
		<subfield code="a">Sandpiper books.</subfield>
	</datafield>
	<datafield tag="510" ind1=" " ind2 =" ">
		<subfield code="a">AAAP</subfield>
	</datafield>
	<datafield tag="510" ind1=" " ind2 =" ">
		<subfield code="a">AAEI</subfield>
	</datafield>
	<datafield tag="510" ind1=" " ind2 =" ">
		<subfield code="a">AAWC</subfield>
	</datafield>
	<datafield tag="510" ind1=" " ind2 =" ">
		<subfield code="a">ACFL</subfield>
	</datafield>
	<datafield tag="510" ind1=" " ind2 =" ">
		<subfield code="a">AJEF</subfield>
	</datafield>
	<datafield tag="510" ind1=" " ind2 =" ">
		<subfield code="a">AOAK</subfield>
	</datafield>
	<datafield tag="510" ind1=" " ind2 =" ">
		<subfield code="a">AZ3</subfield>
	</datafield>
	<datafield tag="510" ind1=" " ind2 =" ">
		<subfield code="a">AZ4</subfield>
	</datafield>
	<datafield tag="510" ind1=" " ind2 =" ">
		<subfield code="a">AZ5</subfield>
	</datafield>
	<datafield tag="510" ind1=" " ind2 =" ">
		<subfield code="a">AZ6</subfield>
	</datafield>
	<datafield tag="510" ind1=" " ind2 =" ">
		<subfield code="a">BBBC</subfield>
	</datafield>
	<datafield tag="510" ind1=" " ind2 =" ">
		<subfield code="a">BBFC</subfield>
	</datafield>
	<datafield tag="510" ind1=" " ind2 =" ">
		<subfield code="a">BS01</subfield>
	</datafield>
	<datafield tag="510" ind1=" " ind2 =" ">
		<subfield code="a">BT0J</subfield>
	</datafield>
	<datafield tag="510" ind1=" " ind2 =" ">
		<subfield code="a">BT1J</subfield>
	</datafield>
	<datafield tag="510" ind1=" " ind2 =" ">
		<subfield code="a">BT4J</subfield>
	</datafield>
	<datafield tag="510" ind1=" " ind2 =" ">
		<subfield code="a">BT5J</subfield>
	</datafield>
	<datafield tag="510" ind1=" " ind2 =" ">
		<subfield code="a">BT7J</subfield>
	</datafield>
	<datafield tag="510" ind1=" " ind2 =" ">
		<subfield code="a">BT9J</subfield>
	</datafield>
	<datafield tag="510" ind1=" " ind2 =" ">
		<subfield code="a">BTJ0</subfield>
	</datafield>
	<datafield tag="510" ind1=" " ind2 =" ">
		<subfield code="a">BTJ8</subfield>
	</datafield>
	<datafield tag="510" ind1=" " ind2 =" ">
		<subfield code="a">BTJ9</subfield>
	</datafield>
	<datafield tag="510" ind1=" " ind2 =" ">
		<subfield code="a">BTP4</subfield>
	</datafield>
	<datafield tag="510" ind1=" " ind2 =" ">
		<subfield code="a">BTPB</subfield>
	</datafield>
	<datafield tag="510" ind1=" " ind2 =" ">
		<subfield code="a">CCS7</subfield>
	</datafield>
	<datafield tag="510" ind1=" " ind2 =" ">
		<subfield code="a">CMIN</subfield>
	</datafield>
	<datafield tag="510" ind1=" " ind2 =" ">
		<subfield code="a">COE1</subfield>
	</datafield>
	<datafield tag="510" ind1=" " ind2 =" ">
		<subfield code="a">DCSE</subfield>
	</datafield>
	<datafield tag="510" ind1=" " ind2 =" ">
		<subfield code="a">ECE3</subfield>
	</datafield>
	<datafield tag="510" ind1=" " ind2 =" ">
		<subfield code="a">ES81</subfield>
	</datafield>
	<datafield tag="510" ind1=" " ind2 =" ">
		<subfield code="a">ES91</subfield>
	</datafield>
	<datafield tag="510" ind1=" " ind2 =" ">
		<subfield code="a">ESC1</subfield>
	</datafield>
	<datafield tag="510" ind1=" " ind2 =" ">
		<subfield code="a">EZFC</subfield>
	</datafield>
	<datafield tag="510" ind1=" " ind2 =" ">
		<subfield code="a">IMSL</subfield>
	</datafield>
	<datafield tag="510" ind1=" " ind2 =" ">
		<subfield code="a">LLIN</subfield>
	</datafield>
	<datafield tag="510" ind1=" " ind2 =" ">
		<subfield code="a">LMA1</subfield>
	</datafield>
	<datafield tag="510" ind1=" " ind2 =" ">
		<subfield code="a">LVPL</subfield>
	</datafield>
	<datafield tag="510" ind1=" " ind2 =" ">
		<subfield code="a">ML01</subfield>
	</datafield>
	<datafield tag="510" ind1=" " ind2 =" ">
		<subfield code="a">MLTN</subfield>
	</datafield>
	<datafield tag="510" ind1=" " ind2 =" ">
		<subfield code="a">OBBJ</subfield>
	</datafield>
	<datafield tag="510" ind1=" " ind2 =" ">
		<subfield code="a">SCE1</subfield>
	</datafield>
	<datafield tag="510" ind1=" " ind2 =" ">
		<subfield code="a">SEE4</subfield>
	</datafield>
	<datafield tag="510" ind1=" " ind2 =" ">
		<subfield code="a">TRJV</subfield>
	</datafield>
	<datafield tag="510" ind1=" " ind2 =" ">
		<subfield code="a">TTPB</subfield>
	</datafield>
	<datafield tag="510" ind1=" " ind2 =" ">
		<subfield code="a">XBLC</subfield>
	</datafield>
	<datafield tag="510" ind1=" " ind2 =" ">
		<subfield code="a">XBPB</subfield>
	</datafield>
	<datafield tag="510" ind1=" " ind2 =" ">
		<subfield code="a">XBUC</subfield>
	</datafield>
	<datafield tag="510" ind1=" " ind2 =" ">
		<subfield code="a">XBYA</subfield>
	</datafield>
	<datafield tag="510" ind1=" " ind2 =" ">
		<subfield code="a">XKES</subfield>
	</datafield>
	<datafield tag="510" ind1=" " ind2 =" ">
		<subfield code="a">XNOS</subfield>
	</datafield>
	<datafield tag="510" ind1=" " ind2 =" ">
		<subfield code="a">XODC</subfield>
	</datafield>
	<datafield tag="510" ind1=" " ind2 =" ">
		<subfield code="a">XOER</subfield>
	</datafield>
	<datafield tag="510" ind1=" " ind2 =" ">
		<subfield code="a">XTST</subfield>
	</datafield>
	<datafield tag="510" ind1=" " ind2 =" ">
		<subfield code="a">ZBA8</subfield>
	</datafield>
	<datafield tag="510" ind1=" " ind2 =" ">
		<subfield code="a">ZHO8</subfield>
	</datafield>
	<datafield tag="510" ind1=" " ind2 =" ">
		<subfield code="a">ZL69</subfield>
	</datafield>
	<datafield tag="510" ind1=" " ind2 =" ">
		<subfield code="a">ZLTN</subfield>
	</datafield>
	<datafield tag="510" ind1=" " ind2 =" ">
		<subfield code="a">ZMWD</subfield>
	</datafield>
	<datafield tag="510" ind1=" " ind2 =" ">
		<subfield code="a">ZSCP</subfield>
	</datafield>
	<datafield tag="510" ind1=" " ind2 =" ">
		<subfield code="a">ZSE8</subfield>
	</datafield>
	<datafield tag="510" ind1=" " ind2 =" ">
		<subfield code="a">ZTH7</subfield>
	</datafield>
	<datafield tag="520" ind1=" " ind2 =" ">
		<subfield code="a">George the monkey goes riding on his new bicyle and runs into unexpected adventure.</subfield>
	</datafield>
	<datafield tag="650" ind1=" " ind2 ="1">
		<subfield code="a">Monkeys</subfield>
		<subfield code="x">Fiction.</subfield>
	</datafield>
	<datafield tag="856" ind1="4" ind2 ="2">
		<subfield code="3">Publisher description</subfield>
	</datafield>
	<datafield tag="856" ind1="4" ind2 ="2">
		<subfield code="u">http://www.loc.gov/catdir/description/hm021/73180856.html</subfield>
		<subfield code="3">Contributor biographical information</subfield>
	</datafield>
	<datafield tag="856" ind1="4" ind2 ="2">
		<subfield code="u">http://www.loc.gov/catdir/enhancements/fy0737/73180856-b.html</subfield>
	</datafield>
	<datafield tag="902" ind1=" " ind2 =" ">
		<subfield code="a">1-2</subfield>
	</datafield>
	<datafield tag="912" ind1=" " ind2 =" ">
		<subfield code="i">21</subfield>
	</datafield>
	<datafield tag="914" ind1=" " ind2 =" ">
		<subfield code="d">HOUGJ</subfield>
		<subfield code="e">HOUGJ</subfield>
		<subfield code="f">213</subfield>
		<subfield code="g">BOOK</subfield>
		<subfield code="h">0.00</subfield>
		<subfield code="l">JUVENILE FICTION / Classics</subfield>
		<subfield code="m">M</subfield>
		<subfield code="o">JUV007000</subfield>
		<subfield code="w">BOOK</subfield>
	</datafield>
	<datafield tag="922" ind1=" " ind2 =" ">
		<subfield code="a">ocm00801261</subfield>
	</datafield>
	<datafield tag="927" ind1=" " ind2 =" ">
		<subfield code="a">AUb10054078</subfield>
	</datafield>
	<datafield tag="930" ind1="1" ind2 ="0">
		<subfield code="a">Curious George Rides a Bike</subfield>
		<subfield code="c">Curious George Rides a Bike</subfield>
		<subfield code="d">Curious George Rides a Bike</subfield>
		<subfield code="f">0</subfield>
	</datafield>
	<datafield tag="931" ind1=" " ind2 =" ">
		<subfield code="a">Accelerated Reader AR</subfield>
		<subfield code="b">LG</subfield>
		<subfield code="c">4.1</subfield>
		<subfield code="d">0.5</subfield>
		<subfield code="z">18666</subfield>
	</datafield>
	<datafield tag="940" ind1=" " ind2 =" ">
		<subfield code="a">Rey, H. A.</subfield>
		<subfield code="b">Rey, H. A.</subfield>
	</datafield>
	<datafield tag="941" ind1=" " ind2 =" ">
		<subfield code="a">039516964X</subfield>
	</datafield>
	<datafield tag="942" ind1=" " ind2 =" ">
		<subfield code="a">16.00</subfield>
		<subfield code="d">USD</subfield>
	</datafield>
	<datafield tag="943" ind1=" " ind2 =" ">
		<subfield code="a">SAL</subfield>
		<subfield code="b">A</subfield>
		<subfield code="c">JF</subfield>
		<subfield code="d">JUV</subfield>
		<subfield code="e">ENG</subfield>
	</datafield>
	<datafield tag="947" ind1=" " ind2 =" ">
		<subfield code="a">BTB</subfield>
		<subfield code="b">50906</subfield>
		<subfield code="z">BNT</subfield>
	</datafield>
	<datafield tag="948" ind1=" " ind2 =" ">
		<subfield code="c">1973/06/01</subfield>
	</datafield>
	<datafield tag="949" ind1=" " ind2 =" ">
		<subfield code="a">10.50</subfield>
		<subfield code="b">8.75</subfield>
		<subfield code="c">0.25</subfield>
		<subfield code="d">IN</subfield>
		<subfield code="e">LB</subfield>
		<subfield code="f">0.95</subfield>
		<subfield code="g">0.95</subfield>
		<subfield code="i">1973/10/01</subfield>
		<subfield code="j">2008/03/23</subfield>
	</datafield>
	<datafield tag="953" ind1=" " ind2 =" ">
		<subfield code="a">Houghton Mifflin</subfield>
		<subfield code="b">Attn: Trade Order Processing</subfield>
		<subfield code="c">181 Ballardvale st</subfield>
		<subfield code="f">Wilmington</subfield>
		<subfield code="g">MA</subfield>
		<subfield code="h">USA</subfield>
		<subfield code="i">01887</subfield>
		<subfield code="l">Houghton Mifflin</subfield>
	</datafield>
	<datafield tag="955" ind1=" " ind2 =" ">
		<subfield code="a">Reinforced</subfield>
		<subfield code="c">Primary</subfield>
	</datafield>
</record>