
<record>
	<leader>02183cam  22006851  4500</leader>
	<controlfield tag="001">BK0000373285</controlfield>
	<controlfield tag="003">AU</controlfield>
	<controlfield tag="005">20020419135849.0</controlfield>
	<controlfield tag="008">690227s1968    nyu           000 1 eng  </controlfield>
	<datafield tag="010" ind1=" " ind2 =" ">
		<subfield code="a">68029754</subfield>
	</datafield>
	<datafield tag="020" ind1=" " ind2 =" ">
		<subfield code="a">0453002692 : HRD</subfield>
		<subfield code="c">$7.95</subfield>
	</datafield>
	<datafield tag="037" ind1=" " ind2 =" ">
		<subfield code="b">Penguin Group USA, Attn: Order Processing 405 Murray Hill Pkwy, E Rutherford, NJ, USA, 07073-2136</subfield>
		<subfield code="n">SAN 282-5074</subfield>
	</datafield>
	<datafield tag="040" ind1=" " ind2 =" ">
		<subfield code="a">DLC</subfield>
		<subfield code="c">DLC</subfield>
		<subfield code="d">DLC</subfield>
		<subfield code="d">OCoLC</subfield>
		<subfield code="d">DLC</subfield>
	</datafield>
	<datafield tag="050" ind1="0" ind2 ="0">
		<subfield code="a">PZ3.C551205</subfield>
		<subfield code="b">Tw3</subfield>
	</datafield>
	<datafield tag="050" ind1="0" ind2 ="0">
		<subfield code="a">PR6005.L36</subfield>
	</datafield>
	<datafield tag="082" ind1="0" ind2 ="0">
		<subfield code="a">823/.9/14</subfield>
	</datafield>
	<datafield tag="092" ind1=" " ind2 =" ">
		<subfield code="a">823.9140</subfield>
	</datafield>
	<datafield tag="100" ind1="1" ind2 =" ">
		<subfield code="a">Clarke, Arthur C.</subfield>
		<subfield code="q">(Arthur Charles),</subfield>
		<subfield code="d">1917-2008.</subfield>
	</datafield>
	<datafield tag="245" ind1="1" ind2 ="0">
		<subfield code="a">2001; a space odyssey,</subfield>
		<subfield code="b">A Space Odyssey</subfield>
		<subfield code="c">by Arthur C. Clarke.</subfield>
	</datafield>
	<datafield tag="260" ind1=" " ind2 =" ">
		<subfield code="a">[New York]</subfield>
		<subfield code="b">New American Library</subfield>
		<subfield code="c">[c1968]</subfield>
	</datafield>
	<datafield tag="300" ind1=" " ind2 =" ">
		<subfield code="a">221 p.</subfield>
		<subfield code="c">22 cm.</subfield>
	</datafield>
	<datafield tag="350" ind1=" " ind2 =" ">
		<subfield code="a">4.95</subfield>
	</datafield>
	<datafield tag="500" ind1=" " ind2 =" ">
		<subfield code="a">&quot;Based on a screenplay by Stanley Kubrick and Arthur C. Clarke.&quot;</subfield>
	</datafield>
	<datafield tag="500" ind1=" " ind2 =" ">
		<subfield code="a">Sequel: 2010, odyssey 2.</subfield>
	</datafield>
	<datafield tag="510" ind1=" " ind2 =" ">
		<subfield code="a">AAAA</subfield>
	</datafield>
	<datafield tag="510" ind1=" " ind2 =" ">
		<subfield code="a">AAAW</subfield>
	</datafield>
	<datafield tag="510" ind1=" " ind2 =" ">
		<subfield code="a">AAEI</subfield>
	</datafield>
	<datafield tag="510" ind1=" " ind2 =" ">
		<subfield code="a">GNRF</subfield>
	</datafield>
	<datafield tag="510" ind1=" " ind2 =" ">
		<subfield code="a">JCL</subfield>
	</datafield>
	<datafield tag="510" ind1=" " ind2 =" ">
		<subfield code="a">JH5</subfield>
	</datafield>
	<datafield tag="510" ind1=" " ind2 =" ">
		<subfield code="a">PBGA</subfield>
	</datafield>
	<datafield tag="510" ind1=" " ind2 =" ">
		<subfield code="a">ZHO8</subfield>
	</datafield>
	<datafield tag="510" ind1=" " ind2 =" ">
		<subfield code="a">ZSF5</subfield>
	</datafield>
	<datafield tag="510" ind1=" " ind2 =" ">
		<subfield code="a">ZTH7</subfield>
	</datafield>
	<datafield tag="510" ind1=" " ind2 =" ">
		<subfield code="a">ZUC1</subfield>
	</datafield>
	<datafield tag="510" ind1=" " ind2 =" ">
		<subfield code="a">ZZSP</subfield>
	</datafield>
	<datafield tag="510" ind1=" " ind2 =" ">
		<subfield code="a">ZZW7</subfield>
	</datafield>
	<datafield tag="510" ind1=" " ind2 =" ">
		<subfield code="a">ZZWK</subfield>
	</datafield>
	<datafield tag="510" ind1=" " ind2 =" ">
		<subfield code="a">ZZZB</subfield>
	</datafield>
	<datafield tag="520" ind1=" " ind2 =" ">
		<subfield code="a">A computer named Hal is the jealous villain of a novel set thirty years in the future</subfield>
	</datafield>
	<datafield tag="650" ind1=" " ind2 ="0">
		<subfield code="a">Twenty-first century</subfield>
		<subfield code="x">Fiction.</subfield>
	</datafield>
	<datafield tag="650" ind1=" " ind2 ="0">
		<subfield code="a">Computers</subfield>
		<subfield code="x">Fiction.</subfield>
	</datafield>
	<datafield tag="650" ind1=" " ind2 ="0">
		<subfield code="a">Space vehicles</subfield>
		<subfield code="x">Fiction.</subfield>
	</datafield>
	<datafield tag="650" ind1=" " ind2 ="0">
		<subfield code="a">Human-computer interaction</subfield>
		<subfield code="x">Fiction.</subfield>
	</datafield>
	<datafield tag="655" ind1=" " ind2 ="7">
		<subfield code="a">Science fiction.</subfield>
		<subfield code="2">gsafd</subfield>
	</datafield>
	<datafield tag="655" ind1=" " ind2 ="7">
		<subfield code="a">Movie novels.</subfield>
		<subfield code="2">gsafd</subfield>
	</datafield>
	<datafield tag="700" ind1="1" ind2 =" ">
		<subfield code="a">Kubrick, Stanley.</subfield>
	</datafield>
	<datafield tag="914" ind1=" " ind2 =" ">
		<subfield code="a">OP</subfield>
		<subfield code="d">NWAMT</subfield>
		<subfield code="e">PENGU</subfield>
		<subfield code="f">720</subfield>
		<subfield code="g">BOOK</subfield>
		<subfield code="h">0.00</subfield>
		<subfield code="m">M</subfield>
		<subfield code="w">BOOK</subfield>
	</datafield>
	<datafield tag="922" ind1=" " ind2 =" ">
		<subfield code="a">ocm00449499</subfield>
	</datafield>
	<datafield tag="927" ind1=" " ind2 =" ">
		<subfield code="a">AUb10332512</subfield>
	</datafield>
	<datafield tag="930" ind1="1" ind2 ="0">
		<subfield code="a">2001</subfield>
		<subfield code="b">A Space Odyssey</subfield>
		<subfield code="c">2001 : A Space Odyssey</subfield>
		<subfield code="d">2001 A Space Odyssey</subfield>
		<subfield code="f">0</subfield>
	</datafield>
	<datafield tag="940" ind1=" " ind2 =" ">
		<subfield code="a">Clarke, Arthur C.</subfield>
		<subfield code="b">Clarke, Arthur C.</subfield>
	</datafield>
	<datafield tag="941" ind1=" " ind2 =" ">
		<subfield code="a">0453002692</subfield>
	</datafield>
	<datafield tag="942" ind1=" " ind2 =" ">
		<subfield code="a">7.95</subfield>
		<subfield code="d">USD</subfield>
	</datafield>
	<datafield tag="943" ind1=" " ind2 =" ">
		<subfield code="a">HRD</subfield>
		<subfield code="b">A</subfield>
		<subfield code="c">FI</subfield>
		<subfield code="d">GEN</subfield>
		<subfield code="e">ENG</subfield>
	</datafield>
	<datafield tag="947" ind1=" " ind2 =" ">
		<subfield code="a">BTB</subfield>
		<subfield code="b">83317</subfield>
		<subfield code="z">BNT</subfield>
	</datafield>
	<datafield tag="948" ind1=" " ind2 =" ">
		<subfield code="c">1968/06/01</subfield>
	</datafield>
	<datafield tag="949" ind1=" " ind2 =" ">
		<subfield code="i">1972/06/01</subfield>
		<subfield code="j">2008/03/23</subfield>
	</datafield>
	<datafield tag="953" ind1=" " ind2 =" ">
		<subfield code="a">Penguin Group USA</subfield>
		<subfield code="b">Attn: Order Processing</subfield>
		<subfield code="c">405 Murray Hill Pkwy</subfield>
		<subfield code="f">E Rutherford</subfield>
		<subfield code="g">NJ</subfield>
		<subfield code="h">USA</subfield>
		<subfield code="i">07073-2136</subfield>
		<subfield code="l">New Amer Library</subfield>
	</datafield>
	<datafield tag="955" ind1=" " ind2 =" ">
		<subfield code="a">Hardcover</subfield>
		<subfield code="c">Primary</subfield>
	</datafield>
</record>