
<record>
	<leader>02777cam  22009011  4500</leader>
	<controlfield tag="001">BK0000514127</controlfield>
	<controlfield tag="003">AU</controlfield>
	<controlfield tag="005">20001024121650.0</controlfield>
	<controlfield tag="008">850820s1953    nyua   j      000 1 eng  </controlfield>
	<datafield tag="010" ind1=" " ind2 =" ">
		<subfield code="a">52007527</subfield>
	</datafield>
	<datafield tag="020" ind1=" " ind2 =" ">
		<subfield code="a">006026425X : HRD</subfield>
		<subfield code="c">$16.99</subfield>
	</datafield>
	<datafield tag="037" ind1=" " ind2 =" ">
		<subfield code="b">Harpercollins Childrens Books, Attn Elaine Nealon Keystone Industrial Park, Scranton, PA, USA, 18512</subfield>
		<subfield code="n">SAN 200-2086</subfield>
	</datafield>
	<datafield tag="040" ind1=" " ind2 =" ">
		<subfield code="a">DLC</subfield>
		<subfield code="c">DLC</subfield>
		<subfield code="d">DLC</subfield>
	</datafield>
	<datafield tag="050" ind1="0" ind2 ="0">
		<subfield code="a">PZ7.W6461</subfield>
		<subfield code="b">Far2</subfield>
	</datafield>
	<datafield tag="082" ind1="0" ind2 ="0">
		<subfield code="a">[Fic]</subfield>
	</datafield>
	<datafield tag="092" ind1=" " ind2 =" ">
		<subfield code="a">FIC</subfield>
	</datafield>
	<datafield tag="100" ind1="1" ind2 =" ">
		<subfield code="a">Wilder, Laura Ingalls,</subfield>
		<subfield code="d">1867-1957.</subfield>
	</datafield>
	<datafield tag="245" ind1="1" ind2 ="0">
		<subfield code="a">Farmer boy;</subfield>
		<subfield code="c">illustrated by Garth Williams.</subfield>
	</datafield>
	<datafield tag="250" ind1=" " ind2 =" ">
		<subfield code="a">Newly illustrated, uniform ed.</subfield>
	</datafield>
	<datafield tag="260" ind1=" " ind2 =" ">
		<subfield code="a">New York,</subfield>
		<subfield code="b">Harper,</subfield>
		<subfield code="c">1953.</subfield>
	</datafield>
	<datafield tag="300" ind1=" " ind2 =" ">
		<subfield code="a">371 p.</subfield>
		<subfield code="b">illus.</subfield>
		<subfield code="c">21 cm.</subfield>
	</datafield>
	<datafield tag="510" ind1=" " ind2 =" ">
		<subfield code="a">AAAA</subfield>
	</datafield>
	<datafield tag="510" ind1=" " ind2 =" ">
		<subfield code="a">ACFL</subfield>
	</datafield>
	<datafield tag="510" ind1=" " ind2 =" ">
		<subfield code="a">ADLT</subfield>
	</datafield>
	<datafield tag="510" ind1=" " ind2 =" ">
		<subfield code="a">ARMB</subfield>
	</datafield>
	<datafield tag="510" ind1=" " ind2 =" ">
		<subfield code="a">BKL2</subfield>
	</datafield>
	<datafield tag="510" ind1=" " ind2 =" ">
		<subfield code="a">BKSS</subfield>
	</datafield>
	<datafield tag="510" ind1=" " ind2 =" ">
		<subfield code="a">BT0J</subfield>
	</datafield>
	<datafield tag="510" ind1=" " ind2 =" ">
		<subfield code="a">BT0K</subfield>
	</datafield>
	<datafield tag="510" ind1=" " ind2 =" ">
		<subfield code="a">BT1J</subfield>
	</datafield>
	<datafield tag="510" ind1=" " ind2 =" ">
		<subfield code="a">BT7J</subfield>
	</datafield>
	<datafield tag="510" ind1=" " ind2 =" ">
		<subfield code="a">BTJ8</subfield>
	</datafield>
	<datafield tag="510" ind1=" " ind2 =" ">
		<subfield code="a">BTJ9</subfield>
	</datafield>
	<datafield tag="510" ind1=" " ind2 =" ">
		<subfield code="a">CB86</subfield>
	</datafield>
	<datafield tag="510" ind1=" " ind2 =" ">
		<subfield code="a">CMIN</subfield>
	</datafield>
	<datafield tag="510" ind1=" " ind2 =" ">
		<subfield code="a">CPR3</subfield>
	</datafield>
	<datafield tag="510" ind1=" " ind2 =" ">
		<subfield code="a">HG94</subfield>
	</datafield>
	<datafield tag="510" ind1=" " ind2 =" ">
		<subfield code="a">HT03</subfield>
	</datafield>
	<datafield tag="510" ind1=" " ind2 =" ">
		<subfield code="a">LLIN</subfield>
	</datafield>
	<datafield tag="510" ind1=" " ind2 =" ">
		<subfield code="a">ML01</subfield>
	</datafield>
	<datafield tag="510" ind1=" " ind2 =" ">
		<subfield code="a">RDC2</subfield>
	</datafield>
	<datafield tag="510" ind1=" " ind2 =" ">
		<subfield code="a">RDCT</subfield>
	</datafield>
	<datafield tag="510" ind1=" " ind2 =" ">
		<subfield code="a">STP1</subfield>
	</datafield>
	<datafield tag="510" ind1=" " ind2 =" ">
		<subfield code="a">UIL9</subfield>
	</datafield>
	<datafield tag="510" ind1=" " ind2 =" ">
		<subfield code="a">WSI4</subfield>
	</datafield>
	<datafield tag="510" ind1=" " ind2 =" ">
		<subfield code="a">XBJF</subfield>
	</datafield>
	<datafield tag="510" ind1=" " ind2 =" ">
		<subfield code="a">XODC</subfield>
	</datafield>
	<datafield tag="510" ind1=" " ind2 =" ">
		<subfield code="a">XOER</subfield>
	</datafield>
	<datafield tag="510" ind1=" " ind2 =" ">
		<subfield code="a">ZBWC</subfield>
	</datafield>
	<datafield tag="510" ind1=" " ind2 =" ">
		<subfield code="a">ZHE8</subfield>
	</datafield>
	<datafield tag="510" ind1=" " ind2 =" ">
		<subfield code="a">ZHER</subfield>
	</datafield>
	<datafield tag="510" ind1=" " ind2 =" ">
		<subfield code="a">ZM26</subfield>
	</datafield>
	<datafield tag="510" ind1=" " ind2 =" ">
		<subfield code="a">ZZSP</subfield>
	</datafield>
	<datafield tag="520" ind1=" " ind2 =" ">
		<subfield code="a">Nine-year-old Almanzo lives with his family on a big farm in New York State at the end of the nineteenth century. He raises his own two calves, helps cut ice and shear sheep, and longs for the day he can have his own colt.</subfield>
	</datafield>
	<datafield tag="600" ind1="1" ind2 ="0">
		<subfield code="a">Wilder, Almanzo</subfield>
		<subfield code="v">Juvenile fiction.</subfield>
	</datafield>
	<datafield tag="600" ind1="1" ind2 ="1">
		<subfield code="a">Wilder, Almanzo</subfield>
		<subfield code="v">Fiction.</subfield>
	</datafield>
	<datafield tag="650" ind1=" " ind2 ="1">
		<subfield code="a">Farm life</subfield>
		<subfield code="z">New York (State)</subfield>
		<subfield code="v">Fiction.</subfield>
	</datafield>
	<datafield tag="651" ind1=" " ind2 ="1">
		<subfield code="a">New York (State)</subfield>
		<subfield code="v">Fiction.</subfield>
	</datafield>
	<datafield tag="650" ind1=" " ind2 ="1">
		<subfield code="a">Family life</subfield>
		<subfield code="z">New York (State)</subfield>
		<subfield code="v">Fiction.</subfield>
	</datafield>
	<datafield tag="600" ind1="1" ind2 ="1">
		<subfield code="a">Wilder, Laura Ingalls,</subfield>
		<subfield code="d">1867-1957</subfield>
		<subfield code="x">Family</subfield>
		<subfield code="v">Fiction.</subfield>
	</datafield>
	<datafield tag="700" ind1="1" ind2 =" ">
		<subfield code="a">Williams, Garth,</subfield>
		<subfield code="e">illus.</subfield>
	</datafield>
	<datafield tag="902" ind1=" " ind2 =" ">
		<subfield code="a">4-6</subfield>
	</datafield>
	<datafield tag="904" ind1=" " ind2 =" ">
		<subfield code="a">840</subfield>
	</datafield>
	<datafield tag="912" ind1=" " ind2 =" ">
		<subfield code="b">01</subfield>
		<subfield code="d">05</subfield>
		<subfield code="i">24</subfield>
		<subfield code="j">78</subfield>
	</datafield>
	<datafield tag="914" ind1=" " ind2 =" ">
		<subfield code="d">HARJU</subfield>
		<subfield code="e">HARJU</subfield>
		<subfield code="f">216</subfield>
		<subfield code="g">BOOK</subfield>
		<subfield code="h">0.00</subfield>
		<subfield code="l">JUVENILE FICTION / Lifestyles / Country Life</subfield>
		<subfield code="m">M</subfield>
		<subfield code="o">JUV024000</subfield>
		<subfield code="w">BOOK</subfield>
	</datafield>
	<datafield tag="922" ind1=" " ind2 =" ">
		<subfield code="a">ocm00224695</subfield>
	</datafield>
	<datafield tag="927" ind1=" " ind2 =" ">
		<subfield code="a">AUb10215464</subfield>
	</datafield>
	<datafield tag="930" ind1="1" ind2 ="0">
		<subfield code="a">Farmer Boy</subfield>
		<subfield code="c">Farmer Boy</subfield>
		<subfield code="d">Farmer Boy</subfield>
		<subfield code="f">0</subfield>
	</datafield>
	<datafield tag="931" ind1=" " ind2 =" ">
		<subfield code="a">Accelerated Reader AR</subfield>
		<subfield code="b">MG</subfield>
		<subfield code="c">5.2</subfield>
		<subfield code="d">9.0</subfield>
		<subfield code="z">112</subfield>
	</datafield>
	<datafield tag="940" ind1=" " ind2 =" ">
		<subfield code="a">Wilder, Laura Ingalls</subfield>
		<subfield code="b">Wilder, Laura Ingalls</subfield>
	</datafield>
	<datafield tag="941" ind1=" " ind2 =" ">
		<subfield code="a">006026425X</subfield>
	</datafield>
	<datafield tag="942" ind1=" " ind2 =" ">
		<subfield code="a">16.99</subfield>
		<subfield code="d">USD</subfield>
	</datafield>
	<datafield tag="943" ind1=" " ind2 =" ">
		<subfield code="a">HRD</subfield>
		<subfield code="b">A</subfield>
		<subfield code="c">JF</subfield>
		<subfield code="d">JUV</subfield>
		<subfield code="e">ENG</subfield>
	</datafield>
	<datafield tag="947" ind1=" " ind2 =" ">
		<subfield code="a">BTB</subfield>
		<subfield code="b">115935</subfield>
		<subfield code="z">BNT</subfield>
	</datafield>
	<datafield tag="948" ind1=" " ind2 =" ">
		<subfield code="c">1953/06/01</subfield>
	</datafield>
	<datafield tag="949" ind1=" " ind2 =" ">
		<subfield code="a">8.30</subfield>
		<subfield code="b">5.80</subfield>
		<subfield code="c">1.35</subfield>
		<subfield code="d">IN</subfield>
		<subfield code="e">LB</subfield>
		<subfield code="f">1.40</subfield>
		<subfield code="g">1.40</subfield>
		<subfield code="i">1981/12/23</subfield>
		<subfield code="j">2008/03/23</subfield>
	</datafield>
	<datafield tag="953" ind1=" " ind2 =" ">
		<subfield code="a">Harpercollins Childrens Books</subfield>
		<subfield code="b">Attn Elaine Nealon</subfield>
		<subfield code="c">Keystone Industrial Park</subfield>
		<subfield code="f">Scranton</subfield>
		<subfield code="g">PA</subfield>
		<subfield code="h">USA</subfield>
		<subfield code="i">18512</subfield>
		<subfield code="l">Harpercollins Childrens Books</subfield>
	</datafield>
	<datafield tag="955" ind1=" " ind2 =" ">
		<subfield code="a">Hardcover</subfield>
		<subfield code="c">Primary</subfield>
	</datafield>
</record>