
<record>
	<leader>03178cam  2200949 a 4500</leader>
	<controlfield tag="001">BK0000951307</controlfield>
	<controlfield tag="003">DLC</controlfield>
	<controlfield tag="005">20060725202037.0</controlfield>
	<controlfield tag="008">850304t19851984nyu           000 0 eng  </controlfield>
	<datafield tag="010" ind1=" " ind2 =" ">
		<subfield code="a">85004001</subfield>
	</datafield>
	<datafield tag="020" ind1=" " ind2 =" ">
		<subfield code="a">0812036034 : PAP</subfield>
		<subfield code="c">$6.95</subfield>
	</datafield>
	<datafield tag="037" ind1=" " ind2 =" ">
		<subfield code="b">Barrons Educational Series Inc, 250 Wireless Blvd, Hauppauge, NY, USA, 11788, (631)4343311</subfield>
		<subfield code="n">SAN 115-2033</subfield>
	</datafield>
	<datafield tag="040" ind1=" " ind2 =" ">
		<subfield code="a">DLC</subfield>
		<subfield code="c">DLC</subfield>
		<subfield code="d">DLC</subfield>
	</datafield>
	<datafield tag="050" ind1="0" ind2 ="0">
		<subfield code="a">PR2833</subfield>
		<subfield code="b">.A25 1985</subfield>
	</datafield>
	<datafield tag="082" ind1="0" ind2 ="0">
		<subfield code="a">822.3/3</subfield>
		<subfield code="2">19</subfield>
	</datafield>
	<datafield tag="092" ind1=" " ind2 =" ">
		<subfield code="a">822.3300</subfield>
	</datafield>
	<datafield tag="100" ind1="1" ind2 =" ">
		<subfield code="a">Shakespeare, William,</subfield>
		<subfield code="d">1564-1616.</subfield>
	</datafield>
	<datafield tag="245" ind1="1" ind2 ="4">
		<subfield code="a">The tempest :</subfield>
		<subfield code="b">modern English version side-by-side with full original text /</subfield>
		<subfield code="c">edited and rendered into modern English by Alan Durband.</subfield>
	</datafield>
	<datafield tag="260" ind1=" " ind2 =" ">
		<subfield code="a">Woodbury, N.Y. :</subfield>
		<subfield code="b">Barron's,</subfield>
		<subfield code="c">1985, c1984.</subfield>
	</datafield>
	<datafield tag="300" ind1=" " ind2 =" ">
		<subfield code="a">220 p. ;</subfield>
		<subfield code="c">19 cm.</subfield>
	</datafield>
	<datafield tag="490" ind1="1" ind2 =" ">
		<subfield code="a">Shakespeare made easy</subfield>
	</datafield>
	<datafield tag="510" ind1=" " ind2 =" ">
		<subfield code="a">AAAW</subfield>
	</datafield>
	<datafield tag="510" ind1=" " ind2 =" ">
		<subfield code="a">BREN</subfield>
	</datafield>
	<datafield tag="510" ind1=" " ind2 =" ">
		<subfield code="a">CTBH</subfield>
	</datafield>
	<datafield tag="510" ind1=" " ind2 =" ">
		<subfield code="a">EGPL</subfield>
	</datafield>
	<datafield tag="510" ind1=" " ind2 =" ">
		<subfield code="a">ML01</subfield>
	</datafield>
	<datafield tag="510" ind1=" " ind2 =" ">
		<subfield code="a">OBBA</subfield>
	</datafield>
	<datafield tag="510" ind1=" " ind2 =" ">
		<subfield code="a">PBGA</subfield>
	</datafield>
	<datafield tag="510" ind1=" " ind2 =" ">
		<subfield code="a">VBA4</subfield>
	</datafield>
	<datafield tag="510" ind1=" " ind2 =" ">
		<subfield code="a">VBA5</subfield>
	</datafield>
	<datafield tag="510" ind1=" " ind2 =" ">
		<subfield code="a">VBA6</subfield>
	</datafield>
	<datafield tag="510" ind1=" " ind2 =" ">
		<subfield code="a">VBA7</subfield>
	</datafield>
	<datafield tag="510" ind1=" " ind2 =" ">
		<subfield code="a">VBA8</subfield>
	</datafield>
	<datafield tag="510" ind1=" " ind2 =" ">
		<subfield code="a">VBB8</subfield>
	</datafield>
	<datafield tag="510" ind1=" " ind2 =" ">
		<subfield code="a">VBC7</subfield>
	</datafield>
	<datafield tag="510" ind1=" " ind2 =" ">
		<subfield code="a">VBC8</subfield>
	</datafield>
	<datafield tag="510" ind1=" " ind2 =" ">
		<subfield code="a">VBD8</subfield>
	</datafield>
	<datafield tag="510" ind1=" " ind2 =" ">
		<subfield code="a">XOER</subfield>
	</datafield>
	<datafield tag="510" ind1=" " ind2 =" ">
		<subfield code="a">XRC4</subfield>
	</datafield>
	<datafield tag="510" ind1=" " ind2 =" ">
		<subfield code="a">ZC96</subfield>
	</datafield>
	<datafield tag="510" ind1=" " ind2 =" ">
		<subfield code="a">ZCM8</subfield>
	</datafield>
	<datafield tag="510" ind1=" " ind2 =" ">
		<subfield code="a">ZCN5</subfield>
	</datafield>
	<datafield tag="510" ind1=" " ind2 =" ">
		<subfield code="a">ZHO8</subfield>
	</datafield>
	<datafield tag="510" ind1=" " ind2 =" ">
		<subfield code="a">ZLTN</subfield>
	</datafield>
	<datafield tag="510" ind1=" " ind2 =" ">
		<subfield code="a">ZMWD</subfield>
	</datafield>
	<datafield tag="510" ind1=" " ind2 =" ">
		<subfield code="a">ZSN9</subfield>
	</datafield>
	<datafield tag="510" ind1=" " ind2 =" ">
		<subfield code="a">ZTH7</subfield>
	</datafield>
	<datafield tag="510" ind1=" " ind2 =" ">
		<subfield code="a">ZZSP</subfield>
	</datafield>
	<datafield tag="510" ind1=" " ind2 =" ">
		<subfield code="a">ZZW7</subfield>
	</datafield>
	<datafield tag="520" ind1=" " ind2 =" ">
		<subfield code="a">Presents the original text of Shakespeare's play side by side with a modern version, discusses the author and the theater of his time, and provides quizzes and other study activities.</subfield>
	</datafield>
	<datafield tag="600" ind1="1" ind2 ="0">
		<subfield code="a">Shakespeare, William,</subfield>
		<subfield code="d">1564-1616</subfield>
		<subfield code="x">Outlines, syllabi, etc.</subfield>
	</datafield>
	<datafield tag="600" ind1="1" ind2 ="1">
		<subfield code="a">Shakespeare, William,</subfield>
		<subfield code="d">1564-1616.</subfield>
		<subfield code="t">Tempest.</subfield>
	</datafield>
	<datafield tag="650" ind1=" " ind2 ="0">
		<subfield code="a">Fathers and daughters</subfield>
		<subfield code="v">Drama.</subfield>
	</datafield>
	<datafield tag="650" ind1=" " ind2 ="0">
		<subfield code="a">Political refugees</subfield>
		<subfield code="v">Drama.</subfield>
	</datafield>
	<datafield tag="650" ind1=" " ind2 ="0">
		<subfield code="a">Shipwreck victims</subfield>
		<subfield code="v">Drama.</subfield>
	</datafield>
	<datafield tag="650" ind1=" " ind2 ="0">
		<subfield code="a">Magicians</subfield>
		<subfield code="v">Drama.</subfield>
	</datafield>
	<datafield tag="650" ind1=" " ind2 ="0">
		<subfield code="a">Islands</subfield>
		<subfield code="v">Drama.</subfield>
	</datafield>
	<datafield tag="650" ind1=" " ind2 ="0">
		<subfield code="a">Spirits</subfield>
		<subfield code="v">Drama.</subfield>
	</datafield>
	<datafield tag="655" ind1=" " ind2 ="7">
		<subfield code="a">Tragicomedy.</subfield>
		<subfield code="2">lcsh</subfield>
	</datafield>
	<datafield tag="650" ind1=" " ind2 ="1">
		<subfield code="a">Plays.</subfield>
	</datafield>
	<datafield tag="600" ind1="1" ind2 ="1">
		<subfield code="a">Shakespeare, William,</subfield>
		<subfield code="d">1564-1616</subfield>
		<subfield code="x">Criticism and interpretation.</subfield>
	</datafield>
	<datafield tag="650" ind1=" " ind2 ="1">
		<subfield code="a">English literature</subfield>
		<subfield code="x">History and criticism.</subfield>
	</datafield>
	<datafield tag="700" ind1="1" ind2 =" ">
		<subfield code="a">Shakespeare, William,</subfield>
		<subfield code="d">1564-1616.</subfield>
		<subfield code="t">Tempest.</subfield>
	</datafield>
	<datafield tag="700" ind1="1" ind2 =" ">
		<subfield code="a">Durband, Alan.</subfield>
	</datafield>
	<datafield tag="800" ind1="1" ind2 =" ">
		<subfield code="a">Shakespeare, William,</subfield>
		<subfield code="d">1564-1616.</subfield>
		<subfield code="t">Shakespeare made easy.</subfield>
	</datafield>
	<datafield tag="856" ind1="4" ind2 ="2">
		<subfield code="3">Publisher description</subfield>
	</datafield>
	<datafield tag="856" ind1="4" ind2 ="2">
		<subfield code="u">http://www.loc.gov/catdir/enhancements/fy0630/85004001-d.html</subfield>
	</datafield>
	<datafield tag="907" ind1=" " ind2 =" ">
		<subfield code="a">0000000000</subfield>
	</datafield>
	<datafield tag="914" ind1=" " ind2 =" ">
		<subfield code="d">BARRN</subfield>
		<subfield code="e">BARRN</subfield>
		<subfield code="g">BOOK</subfield>
		<subfield code="h">0.00</subfield>
		<subfield code="m">M</subfield>
		<subfield code="w">BOOK</subfield>
	</datafield>
	<datafield tag="922" ind1=" " ind2 =" ">
		<subfield code="a">ocm11840391</subfield>
	</datafield>
	<datafield tag="927" ind1=" " ind2 =" ">
		<subfield code="a">AUb10214996</subfield>
	</datafield>
	<datafield tag="930" ind1="1" ind2 ="4">
		<subfield code="a">The Tempest</subfield>
		<subfield code="c">The Tempest</subfield>
		<subfield code="d">Tempest</subfield>
		<subfield code="e">The</subfield>
		<subfield code="f">4</subfield>
	</datafield>
	<datafield tag="933" ind1=" " ind2 =" ">
		<subfield code="a">Shakespeare Made Easy : Modern English Version Side-By-Side With Full Original Text</subfield>
	</datafield>
	<datafield tag="940" ind1=" " ind2 =" ">
		<subfield code="a">Shakespeare, William/ Durband, Alan</subfield>
		<subfield code="b">Shakespeare, William</subfield>
		<subfield code="b">Durband, Alan</subfield>
	</datafield>
	<datafield tag="941" ind1=" " ind2 =" ">
		<subfield code="a">0812036034</subfield>
	</datafield>
	<datafield tag="942" ind1=" " ind2 =" ">
		<subfield code="a">6.95</subfield>
		<subfield code="d">USD</subfield>
	</datafield>
	<datafield tag="943" ind1=" " ind2 =" ">
		<subfield code="a">PAP</subfield>
		<subfield code="b">A</subfield>
		<subfield code="c">NF</subfield>
		<subfield code="d">GEN</subfield>
		<subfield code="e">ENG</subfield>
	</datafield>
	<datafield tag="947" ind1=" " ind2 =" ">
		<subfield code="a">BTB</subfield>
		<subfield code="b">302802</subfield>
		<subfield code="z">BNT</subfield>
	</datafield>
	<datafield tag="948" ind1=" " ind2 =" ">
		<subfield code="c">1985/07/01</subfield>
	</datafield>
	<datafield tag="949" ind1=" " ind2 =" ">
		<subfield code="a">7.25</subfield>
		<subfield code="b">5.50</subfield>
		<subfield code="c">0.50</subfield>
		<subfield code="d">IN</subfield>
		<subfield code="e">LB</subfield>
		<subfield code="f">0.45</subfield>
		<subfield code="g">0.45</subfield>
		<subfield code="i">1985/02/13</subfield>
		<subfield code="j">2008/03/25</subfield>
	</datafield>
	<datafield tag="953" ind1=" " ind2 =" ">
		<subfield code="a">Barrons Educational Series Inc</subfield>
		<subfield code="b">250 Wireless Blvd</subfield>
		<subfield code="f">Hauppauge</subfield>
		<subfield code="g">NY</subfield>
		<subfield code="h">USA</subfield>
		<subfield code="i">11788</subfield>
		<subfield code="l">Barrons Educational Series Inc</subfield>
	</datafield>
	<datafield tag="955" ind1=" " ind2 =" ">
		<subfield code="a">Paperback</subfield>
		<subfield code="c">Primary</subfield>
	</datafield>
</record>