
<record>
	<leader>02292cam  2200721 a 4500</leader>
	<controlfield tag="001">BK0001169809</controlfield>
	<controlfield tag="003">AU</controlfield>
	<controlfield tag="005">19991024072047.0</controlfield>
	<controlfield tag="008">990716r1985    nyua   j      000 1 eng  </controlfield>
	<datafield tag="010" ind1=" " ind2 =" ">
		<subfield code="a">84021854</subfield>
	</datafield>
	<datafield tag="020" ind1=" " ind2 =" ">
		<subfield code="a">0916291103 : PAP</subfield>
		<subfield code="c">$7.95</subfield>
	</datafield>
	<datafield tag="037" ind1=" " ind2 =" ">
		<subfield code="b">Kane Miller Book Pub, Po Box 8515, LA Jolla, CA, USA, 92038, (858)4560540</subfield>
		<subfield code="n">SAN 295-8945</subfield>
	</datafield>
	<datafield tag="040" ind1=" " ind2 =" ">
		<subfield code="a">DLC</subfield>
		<subfield code="c">DLC</subfield>
		<subfield code="d">DLC</subfield>
	</datafield>
	<datafield tag="050" ind1="0" ind2 ="0">
		<subfield code="a">PZ8.3.T695</subfield>
		<subfield code="b">On 1985</subfield>
	</datafield>
	<datafield tag="082" ind1="0" ind2 ="0">
		<subfield code="a">[E]</subfield>
		<subfield code="2">19</subfield>
	</datafield>
	<datafield tag="092" ind1=" " ind2 =" ">
		<subfield code="a">E</subfield>
	</datafield>
	<datafield tag="100" ind1="1" ind2 =" ">
		<subfield code="a">Trinca, Rod.</subfield>
	</datafield>
	<datafield tag="245" ind1="1" ind2 ="0">
		<subfield code="a">One woolly wombat /</subfield>
		<subfield code="c">written by Rod Trinca and Kerry Argent ; illustrated by Kerry Argent.</subfield>
	</datafield>
	<datafield tag="250" ind1=" " ind2 =" ">
		<subfield code="a">1st American ed.</subfield>
	</datafield>
	<datafield tag="260" ind1=" " ind2 =" ">
		<subfield code="a">Brooklyn, N.Y. :</subfield>
		<subfield code="b">Kane/Miller Book Publishers,</subfield>
		<subfield code="c">1985, c1982.</subfield>
	</datafield>
	<datafield tag="300" ind1=" " ind2 =" ">
		<subfield code="a">[33] p. :</subfield>
		<subfield code="b">col. ill. ;</subfield>
		<subfield code="c">29 cm.</subfield>
	</datafield>
	<datafield tag="500" ind1=" " ind2 =" ">
		<subfield code="a">&quot;A Cranky Nell book.&quot;</subfield>
	</datafield>
	<datafield tag="510" ind1=" " ind2 =" ">
		<subfield code="a">AACO</subfield>
	</datafield>
	<datafield tag="510" ind1=" " ind2 =" ">
		<subfield code="a">AZ4</subfield>
	</datafield>
	<datafield tag="510" ind1=" " ind2 =" ">
		<subfield code="a">AZ5</subfield>
	</datafield>
	<datafield tag="510" ind1=" " ind2 =" ">
		<subfield code="a">BBC5</subfield>
	</datafield>
	<datafield tag="510" ind1=" " ind2 =" ">
		<subfield code="a">BBC6</subfield>
	</datafield>
	<datafield tag="510" ind1=" " ind2 =" ">
		<subfield code="a">BBC7</subfield>
	</datafield>
	<datafield tag="510" ind1=" " ind2 =" ">
		<subfield code="a">BGC2</subfield>
	</datafield>
	<datafield tag="510" ind1=" " ind2 =" ">
		<subfield code="a">BYCC</subfield>
	</datafield>
	<datafield tag="510" ind1=" " ind2 =" ">
		<subfield code="a">PC27</subfield>
	</datafield>
	<datafield tag="510" ind1=" " ind2 =" ">
		<subfield code="a">RDC2</subfield>
	</datafield>
	<datafield tag="510" ind1=" " ind2 =" ">
		<subfield code="a">RDCT</subfield>
	</datafield>
	<datafield tag="510" ind1=" " ind2 =" ">
		<subfield code="a">SCH9</subfield>
	</datafield>
	<datafield tag="510" ind1=" " ind2 =" ">
		<subfield code="a">TSR2</subfield>
	</datafield>
	<datafield tag="510" ind1=" " ind2 =" ">
		<subfield code="a">XODC</subfield>
	</datafield>
	<datafield tag="510" ind1=" " ind2 =" ">
		<subfield code="a">ZHE8</subfield>
	</datafield>
	<datafield tag="510" ind1=" " ind2 =" ">
		<subfield code="a">ZHER</subfield>
	</datafield>
	<datafield tag="510" ind1=" " ind2 =" ">
		<subfield code="a">ZZCT</subfield>
	</datafield>
	<datafield tag="520" ind1=" " ind2 =" ">
		<subfield code="a">Humorous illustrations depict fourteen Australian animals, introduced in rhyme, along with the numbers from one to fourteen.</subfield>
	</datafield>
	<datafield tag="650" ind1=" " ind2 ="0">
		<subfield code="a">Children's stories, Australian.</subfield>
	</datafield>
	<datafield tag="650" ind1=" " ind2 ="1">
		<subfield code="a">Zoology</subfield>
		<subfield code="z">Australia</subfield>
		<subfield code="x">Fiction.</subfield>
	</datafield>
	<datafield tag="651" ind1=" " ind2 ="1">
		<subfield code="a">Australia</subfield>
		<subfield code="x">Fiction.</subfield>
	</datafield>
	<datafield tag="650" ind1=" " ind2 ="1">
		<subfield code="a">Counting.</subfield>
	</datafield>
	<datafield tag="650" ind1=" " ind2 ="1">
		<subfield code="a">Stories in rhyme.</subfield>
	</datafield>
	<datafield tag="700" ind1="1" ind2 =" ">
		<subfield code="a">Argent, Kerry,</subfield>
		<subfield code="d">1960-</subfield>
		<subfield code="e">ill.</subfield>
	</datafield>
	<datafield tag="902" ind1=" " ind2 =" ">
		<subfield code="a">Preschool</subfield>
	</datafield>
	<datafield tag="904" ind1=" " ind2 =" ">
		<subfield code="a">NP</subfield>
	</datafield>
	<datafield tag="912" ind1=" " ind2 =" ">
		<subfield code="i">18</subfield>
	</datafield>
	<datafield tag="914" ind1=" " ind2 =" ">
		<subfield code="a">OS</subfield>
		<subfield code="d">KANMI</subfield>
		<subfield code="e">KANMI</subfield>
		<subfield code="f">210</subfield>
		<subfield code="g">BOOK</subfield>
		<subfield code="h">0.00</subfield>
		<subfield code="l">JUVENILE FICTION / Humorous Stories</subfield>
		<subfield code="m">M</subfield>
		<subfield code="o">JUV019000</subfield>
		<subfield code="w">BOOK</subfield>
	</datafield>
	<datafield tag="922" ind1=" " ind2 =" ">
		<subfield code="a">ocm11235870</subfield>
	</datafield>
	<datafield tag="927" ind1=" " ind2 =" ">
		<subfield code="a">AUb10181270</subfield>
	</datafield>
	<datafield tag="930" ind1="1" ind2 ="0">
		<subfield code="a">One Woolly Wombat</subfield>
		<subfield code="c">One Woolly Wombat</subfield>
		<subfield code="d">1 Woolly Wombat</subfield>
		<subfield code="f">0</subfield>
	</datafield>
	<datafield tag="932" ind1=" " ind2 =" ">
		<subfield code="a">Reprint</subfield>
	</datafield>
	<datafield tag="940" ind1=" " ind2 =" ">
		<subfield code="a">Trinca, Rod/ Argent, Kerry/ Argent, Kerry (ILT)</subfield>
		<subfield code="b">Trinca, Rod</subfield>
		<subfield code="b">Argent, Kerry</subfield>
		<subfield code="b">Argent, Kerry (ILT)</subfield>
	</datafield>
	<datafield tag="941" ind1=" " ind2 =" ">
		<subfield code="a">0916291103</subfield>
	</datafield>
	<datafield tag="942" ind1=" " ind2 =" ">
		<subfield code="a">7.95</subfield>
		<subfield code="d">USD</subfield>
	</datafield>
	<datafield tag="943" ind1=" " ind2 =" ">
		<subfield code="a">PAP</subfield>
		<subfield code="b">A</subfield>
		<subfield code="c">JF</subfield>
		<subfield code="d">JUV</subfield>
		<subfield code="e">ENG</subfield>
	</datafield>
	<datafield tag="947" ind1=" " ind2 =" ">
		<subfield code="a">BTB</subfield>
		<subfield code="b">451848</subfield>
		<subfield code="z">BNT</subfield>
	</datafield>
	<datafield tag="948" ind1=" " ind2 =" ">
		<subfield code="c">1987/04/01</subfield>
	</datafield>
	<datafield tag="949" ind1=" " ind2 =" ">
		<subfield code="a">11.25</subfield>
		<subfield code="b">8.50</subfield>
		<subfield code="c">0.25</subfield>
		<subfield code="d">IN</subfield>
		<subfield code="e">LB</subfield>
		<subfield code="f">0.35</subfield>
		<subfield code="g">0.35</subfield>
		<subfield code="i">1987/02/02</subfield>
		<subfield code="j">2008/03/25</subfield>
	</datafield>
	<datafield tag="953" ind1=" " ind2 =" ">
		<subfield code="a">Kane Miller Book Pub</subfield>
		<subfield code="b">Po Box 8515</subfield>
		<subfield code="f">LA Jolla</subfield>
		<subfield code="g">CA</subfield>
		<subfield code="h">USA</subfield>
		<subfield code="i">92038</subfield>
		<subfield code="l">Kane Miller Book Pub</subfield>
	</datafield>
	<datafield tag="955" ind1=" " ind2 =" ">
		<subfield code="a">Paperback</subfield>
		<subfield code="c">Primary</subfield>
		<subfield code="d">Reprint</subfield>
	</datafield>
</record>