
<record>
	<leader>03855cam  2201249 a 4500</leader>
	<controlfield tag="001">BK0001236172</controlfield>
	<controlfield tag="003">DLC</controlfield>
	<controlfield tag="005">20041130121848.0</controlfield>
	<controlfield tag="008">870619s1988    nyu      b    000 1 eng  </controlfield>
	<datafield tag="010" ind1=" " ind2 =" ">
		<subfield code="a">87018535</subfield>
	</datafield>
	<datafield tag="020" ind1=" " ind2 =" ">
		<subfield code="a">0393956539 : PAP</subfield>
		<subfield code="c">$11.40</subfield>
	</datafield>
	<datafield tag="037" ind1=" " ind2 =" ">
		<subfield code="b">W W Norton &amp; Co Inc, 800 Keystone Industrial Park, Scranton, PA, USA, 18512</subfield>
		<subfield code="n">SAN 202-5795</subfield>
	</datafield>
	<datafield tag="040" ind1=" " ind2 =" ">
		<subfield code="a">DLC</subfield>
		<subfield code="c">DLC</subfield>
		<subfield code="d">DLC</subfield>
		<subfield code="d">OCoLC</subfield>
	</datafield>
	<datafield tag="050" ind1="0" ind2 ="0">
		<subfield code="a">PS1868.A2</subfield>
		<subfield code="b">G76 1988</subfield>
	</datafield>
	<datafield tag="082" ind1="0" ind2 ="0">
		<subfield code="a">813/.3</subfield>
		<subfield code="2">19</subfield>
	</datafield>
	<datafield tag="092" ind1=" " ind2 =" ">
		<subfield code="a">813.3000</subfield>
	</datafield>
	<datafield tag="100" ind1="1" ind2 =" ">
		<subfield code="a">Hawthorne, Nathaniel,</subfield>
		<subfield code="d">1804-1864.</subfield>
	</datafield>
	<datafield tag="245" ind1="1" ind2 ="4">
		<subfield code="a">The scarlet letter :</subfield>
		<subfield code="b">an authoritative text, essays in criticism and scholarship /</subfield>
		<subfield code="c">[Nathaniel Hawthorne] ; edited by Seymour Gross ... [et al.].</subfield>
	</datafield>
	<datafield tag="250" ind1=" " ind2 =" ">
		<subfield code="a">3rd ed.</subfield>
	</datafield>
	<datafield tag="260" ind1=" " ind2 =" ">
		<subfield code="a">New York :</subfield>
		<subfield code="b">Norton,</subfield>
		<subfield code="c">1988.</subfield>
	</datafield>
	<datafield tag="300" ind1=" " ind2 =" ">
		<subfield code="a">vii, 443 p. ;</subfield>
		<subfield code="c">21 cm.</subfield>
	</datafield>
	<datafield tag="490" ind1="0" ind2 =" ">
		<subfield code="a">A Norton critical edition.</subfield>
	</datafield>
	<datafield tag="504" ind1=" " ind2 =" ">
		<subfield code="a">Bibliography: p. [435]-440.</subfield>
	</datafield>
	<datafield tag="510" ind1=" " ind2 =" ">
		<subfield code="a">BT0K</subfield>
	</datafield>
	<datafield tag="510" ind1=" " ind2 =" ">
		<subfield code="a">BT1K</subfield>
	</datafield>
	<datafield tag="510" ind1=" " ind2 =" ">
		<subfield code="a">BT3K</subfield>
	</datafield>
	<datafield tag="510" ind1=" " ind2 =" ">
		<subfield code="a">BT5K</subfield>
	</datafield>
	<datafield tag="510" ind1=" " ind2 =" ">
		<subfield code="a">CARY</subfield>
	</datafield>
	<datafield tag="510" ind1=" " ind2 =" ">
		<subfield code="a">COH1</subfield>
	</datafield>
	<datafield tag="510" ind1=" " ind2 =" ">
		<subfield code="a">CTBE</subfield>
	</datafield>
	<datafield tag="510" ind1=" " ind2 =" ">
		<subfield code="a">CTBH</subfield>
	</datafield>
	<datafield tag="510" ind1=" " ind2 =" ">
		<subfield code="a">CTPF</subfield>
	</datafield>
	<datafield tag="510" ind1=" " ind2 =" ">
		<subfield code="a">FC13</subfield>
	</datafield>
	<datafield tag="510" ind1=" " ind2 =" ">
		<subfield code="a">JC20</subfield>
	</datafield>
	<datafield tag="510" ind1=" " ind2 =" ">
		<subfield code="a">JC31</subfield>
	</datafield>
	<datafield tag="510" ind1=" " ind2 =" ">
		<subfield code="a">JCL</subfield>
	</datafield>
	<datafield tag="510" ind1=" " ind2 =" ">
		<subfield code="a">JCOP</subfield>
	</datafield>
	<datafield tag="510" ind1=" " ind2 =" ">
		<subfield code="a">JTMP</subfield>
	</datafield>
	<datafield tag="510" ind1=" " ind2 =" ">
		<subfield code="a">PW93</subfield>
	</datafield>
	<datafield tag="510" ind1=" " ind2 =" ">
		<subfield code="a">SH14</subfield>
	</datafield>
	<datafield tag="510" ind1=" " ind2 =" ">
		<subfield code="a">STP1</subfield>
	</datafield>
	<datafield tag="510" ind1=" " ind2 =" ">
		<subfield code="a">VBA4</subfield>
	</datafield>
	<datafield tag="510" ind1=" " ind2 =" ">
		<subfield code="a">VBA5</subfield>
	</datafield>
	<datafield tag="510" ind1=" " ind2 =" ">
		<subfield code="a">VBA6</subfield>
	</datafield>
	<datafield tag="510" ind1=" " ind2 =" ">
		<subfield code="a">VBA7</subfield>
	</datafield>
	<datafield tag="510" ind1=" " ind2 =" ">
		<subfield code="a">VBC5</subfield>
	</datafield>
	<datafield tag="510" ind1=" " ind2 =" ">
		<subfield code="a">VBF3</subfield>
	</datafield>
	<datafield tag="510" ind1=" " ind2 =" ">
		<subfield code="a">VBF4</subfield>
	</datafield>
	<datafield tag="510" ind1=" " ind2 =" ">
		<subfield code="a">VBF5</subfield>
	</datafield>
	<datafield tag="510" ind1=" " ind2 =" ">
		<subfield code="a">VCF0</subfield>
	</datafield>
	<datafield tag="510" ind1=" " ind2 =" ">
		<subfield code="a">VCS1</subfield>
	</datafield>
	<datafield tag="510" ind1=" " ind2 =" ">
		<subfield code="a">VCW0</subfield>
	</datafield>
	<datafield tag="510" ind1=" " ind2 =" ">
		<subfield code="a">VCW1</subfield>
	</datafield>
	<datafield tag="510" ind1=" " ind2 =" ">
		<subfield code="a">VNF0</subfield>
	</datafield>
	<datafield tag="510" ind1=" " ind2 =" ">
		<subfield code="a">VNW0</subfield>
	</datafield>
	<datafield tag="510" ind1=" " ind2 =" ">
		<subfield code="a">VPF0</subfield>
	</datafield>
	<datafield tag="510" ind1=" " ind2 =" ">
		<subfield code="a">VPF1</subfield>
	</datafield>
	<datafield tag="510" ind1=" " ind2 =" ">
		<subfield code="a">VPF2</subfield>
	</datafield>
	<datafield tag="510" ind1=" " ind2 =" ">
		<subfield code="a">VPS1</subfield>
	</datafield>
	<datafield tag="510" ind1=" " ind2 =" ">
		<subfield code="a">VPU0</subfield>
	</datafield>
	<datafield tag="510" ind1=" " ind2 =" ">
		<subfield code="a">VPU2</subfield>
	</datafield>
	<datafield tag="510" ind1=" " ind2 =" ">
		<subfield code="a">VPW0</subfield>
	</datafield>
	<datafield tag="510" ind1=" " ind2 =" ">
		<subfield code="a">VPW1</subfield>
	</datafield>
	<datafield tag="510" ind1=" " ind2 =" ">
		<subfield code="a">VPW2</subfield>
	</datafield>
	<datafield tag="510" ind1=" " ind2 =" ">
		<subfield code="a">XAA5</subfield>
	</datafield>
	<datafield tag="510" ind1=" " ind2 =" ">
		<subfield code="a">XODC</subfield>
	</datafield>
	<datafield tag="510" ind1=" " ind2 =" ">
		<subfield code="a">ZC96</subfield>
	</datafield>
	<datafield tag="510" ind1=" " ind2 =" ">
		<subfield code="a">ZCM8</subfield>
	</datafield>
	<datafield tag="510" ind1=" " ind2 =" ">
		<subfield code="a">ZCN5</subfield>
	</datafield>
	<datafield tag="510" ind1=" " ind2 =" ">
		<subfield code="a">ZHO8</subfield>
	</datafield>
	<datafield tag="510" ind1=" " ind2 =" ">
		<subfield code="a">ZLTN</subfield>
	</datafield>
	<datafield tag="510" ind1=" " ind2 =" ">
		<subfield code="a">ZSCS</subfield>
	</datafield>
	<datafield tag="510" ind1=" " ind2 =" ">
		<subfield code="a">ZTH7</subfield>
	</datafield>
	<datafield tag="510" ind1=" " ind2 =" ">
		<subfield code="a">ZUC1</subfield>
	</datafield>
	<datafield tag="520" ind1=" " ind2 =" ">
		<subfield code="a">Critical essays accompany the story of Puritan life and the workings of the conscience on the human heart</subfield>
	</datafield>
	<datafield tag="651" ind1=" " ind2 ="0">
		<subfield code="a">Boston (Mass.)</subfield>
		<subfield code="x">History</subfield>
		<subfield code="y">Colonial period, ca. 1600-1775</subfield>
		<subfield code="v">Fiction.</subfield>
	</datafield>
	<datafield tag="600" ind1="1" ind2 ="0">
		<subfield code="a">Hawthorne, Nathaniel,</subfield>
		<subfield code="d">1804-1864.</subfield>
		<subfield code="t">Scarlet letter.</subfield>
	</datafield>
	<datafield tag="650" ind1=" " ind2 ="0">
		<subfield code="a">Triangles (Interpersonal relations)</subfield>
		<subfield code="v">Fiction.</subfield>
	</datafield>
	<datafield tag="650" ind1=" " ind2 ="0">
		<subfield code="a">Illegitimate children</subfield>
		<subfield code="v">Fiction.</subfield>
	</datafield>
	<datafield tag="650" ind1=" " ind2 ="0">
		<subfield code="a">Women immigrants</subfield>
		<subfield code="v">Fiction.</subfield>
	</datafield>
	<datafield tag="650" ind1=" " ind2 ="0">
		<subfield code="a">Married women</subfield>
		<subfield code="v">Fiction.</subfield>
	</datafield>
	<datafield tag="650" ind1=" " ind2 ="0">
		<subfield code="a">Puritans</subfield>
		<subfield code="v">Fiction.</subfield>
	</datafield>
	<datafield tag="650" ind1=" " ind2 ="0">
		<subfield code="a">Adultery</subfield>
		<subfield code="v">Fiction.</subfield>
	</datafield>
	<datafield tag="650" ind1=" " ind2 ="0">
		<subfield code="a">Revenge</subfield>
		<subfield code="v">Fiction.</subfield>
	</datafield>
	<datafield tag="650" ind1=" " ind2 ="0">
		<subfield code="a">Clergy</subfield>
		<subfield code="v">Fiction.</subfield>
	</datafield>
	<datafield tag="655" ind1=" " ind2 ="7">
		<subfield code="a">Psychological fiction.</subfield>
		<subfield code="2">lcsh</subfield>
	</datafield>
	<datafield tag="655" ind1=" " ind2 ="7">
		<subfield code="a">Historical fiction.</subfield>
		<subfield code="2">gsafd</subfield>
	</datafield>
	<datafield tag="700" ind1="1" ind2 =" ">
		<subfield code="a">Gross, Seymour Lee,</subfield>
		<subfield code="d">1926-</subfield>
	</datafield>
	<datafield tag="907" ind1=" " ind2 =" ">
		<subfield code="a">0006807515</subfield>
	</datafield>
	<datafield tag="908" ind1=" " ind2 =" ">
		<subfield code="a">D</subfield>
	</datafield>
	<datafield tag="911" ind1=" " ind2 =" ">
		<subfield code="a">A01100000</subfield>
	</datafield>
	<datafield tag="912" ind1=" " ind2 =" ">
		<subfield code="a">01</subfield>
		<subfield code="b">01</subfield>
		<subfield code="c">01</subfield>
		<subfield code="d">01</subfield>
		<subfield code="g">02</subfield>
		<subfield code="i">01</subfield>
	</datafield>
	<datafield tag="914" ind1=" " ind2 =" ">
		<subfield code="a">PS</subfield>
		<subfield code="d">NORTO</subfield>
		<subfield code="e">NRTWW</subfield>
		<subfield code="f">500</subfield>
		<subfield code="g">BOOK</subfield>
		<subfield code="h">0.00</subfield>
		<subfield code="m">M</subfield>
		<subfield code="w">BOOK</subfield>
		<subfield code="z">443</subfield>
	</datafield>
	<datafield tag="922" ind1=" " ind2 =" ">
		<subfield code="a">ocm16131586</subfield>
	</datafield>
	<datafield tag="927" ind1=" " ind2 =" ">
		<subfield code="a">AUb10419069</subfield>
	</datafield>
	<datafield tag="930" ind1="1" ind2 ="0">
		<subfield code="a">Scarlet Letter</subfield>
		<subfield code="b">An Authoritative Text Essays in Criticism and Scholarship</subfield>
		<subfield code="c">Scarlet Letter : An Authoritative Text Essays in Criticism and Scholarship</subfield>
		<subfield code="d">Scarlet Letter an Authoritative Text ess</subfield>
		<subfield code="f">0</subfield>
	</datafield>
	<datafield tag="933" ind1=" " ind2 =" ">
		<subfield code="a">NORTON CRITICAL EDITIONS</subfield>
	</datafield>
	<datafield tag="940" ind1=" " ind2 =" ">
		<subfield code="a">Hawthorne, Nathaniel/ Gross, Seymour Lee (EDT)/ Bradley, Sculley (EDT)/ Beatty, Richmond Croom (EDT)/ Long, E. Hudson (EDT)/ Gross, Seymour Lee</subfield>
		<subfield code="b">Hawthorne, Nathaniel</subfield>
		<subfield code="b">Gross, Seymour Lee (EDT)</subfield>
		<subfield code="b">Bradley, Sculley (EDT)</subfield>
		<subfield code="b">Beatty, Richmond Croom (EDT)</subfield>
		<subfield code="b">Long, E. Hudson (EDT)</subfield>
		<subfield code="b">Gross, Seymour Lee</subfield>
	</datafield>
	<datafield tag="941" ind1=" " ind2 =" ">
		<subfield code="a">0393956539</subfield>
	</datafield>
	<datafield tag="942" ind1=" " ind2 =" ">
		<subfield code="a">11.40</subfield>
		<subfield code="d">USD</subfield>
	</datafield>
	<datafield tag="943" ind1=" " ind2 =" ">
		<subfield code="a">PAP</subfield>
		<subfield code="b">D</subfield>
		<subfield code="c">FI</subfield>
		<subfield code="d">TXT</subfield>
		<subfield code="e">ENG</subfield>
	</datafield>
	<datafield tag="947" ind1=" " ind2 =" ">
		<subfield code="a">BTB</subfield>
		<subfield code="b">500403</subfield>
		<subfield code="z">BNT</subfield>
	</datafield>
	<datafield tag="948" ind1=" " ind2 =" ">
		<subfield code="c">1988/06/01</subfield>
	</datafield>
	<datafield tag="949" ind1=" " ind2 =" ">
		<subfield code="a">8.25</subfield>
		<subfield code="b">5.25</subfield>
		<subfield code="c">0.75</subfield>
		<subfield code="d">IN</subfield>
		<subfield code="e">LB</subfield>
		<subfield code="f">0.95</subfield>
		<subfield code="g">0.95</subfield>
		<subfield code="i">1987/08/04</subfield>
		<subfield code="j">2008/03/25</subfield>
	</datafield>
	<datafield tag="953" ind1=" " ind2 =" ">
		<subfield code="a">W W Norton &amp; Co Inc</subfield>
		<subfield code="b">800 Keystone Industrial Park</subfield>
		<subfield code="f">Scranton</subfield>
		<subfield code="g">PA</subfield>
		<subfield code="h">USA</subfield>
		<subfield code="i">18512</subfield>
		<subfield code="l">W W Norton &amp; Co Inc</subfield>
	</datafield>
	<datafield tag="954" ind1=" " ind2 =" ">
		<subfield code="c">2005.06.16</subfield>
		<subfield code="d">OBSOLETE</subfield>
		<subfield code="e">0</subfield>
	</datafield>
	<datafield tag="955" ind1=" " ind2 =" ">
		<subfield code="a">Paperback</subfield>
		<subfield code="c">Primary</subfield>
	</datafield>
</record>