
<record>
	<leader>01760pam  2200445 a 4500</leader>
	<controlfield tag="001">BK0003407493</controlfield>
	<controlfield tag="003">AU</controlfield>
	<controlfield tag="005">20021125120644.0</controlfield>
	<controlfield tag="008">940525r19941992nyu           000 1 eng d</controlfield>
	<datafield tag="010" ind1=" " ind2 =" ">
		<subfield code="a">BL 99750904</subfield>
	</datafield>
	<datafield tag="020" ind1=" " ind2 =" ">
		<subfield code="a">0808586165 : PBD</subfield>
		<subfield code="c">$15.80</subfield>
	</datafield>
	<datafield tag="037" ind1=" " ind2 =" ">
		<subfield code="b">Bt Bound, C/O Tandem Library Group 2101 N Topeka Blvd, Topeka, KS, USA, 66608-2312</subfield>
		<subfield code="n">SAN 249-2687</subfield>
	</datafield>
	<datafield tag="040" ind1=" " ind2 =" ">
		<subfield code="a">NjSoBT</subfield>
		<subfield code="b">NjSoBT</subfield>
		<subfield code="c">NjSoBT</subfield>
	</datafield>
	<datafield tag="050" ind1="1" ind2 ="4">
		<subfield code="a">PS3553.A655</subfield>
		<subfield code="b">E5 1994</subfield>
	</datafield>
	<datafield tag="082" ind1="0" ind2 ="4">
		<subfield code="a">813/.54</subfield>
		<subfield code="2">20</subfield>
	</datafield>
	<datafield tag="092" ind1=" " ind2 =" ">
		<subfield code="a">813.5400</subfield>
	</datafield>
	<datafield tag="100" ind1="1" ind2 =" ">
		<subfield code="a">Card, Orson Scott.</subfield>
	</datafield>
	<datafield tag="245" ind1="1" ind2 ="0">
		<subfield code="a">Ender's game /</subfield>
		<subfield code="c">Orson Scott Card.</subfield>
	</datafield>
	<datafield tag="250" ind1=" " ind2 =" ">
		<subfield code="a">Rev. mass market ed.</subfield>
	</datafield>
	<datafield tag="260" ind1=" " ind2 =" ">
		<subfield code="a">New York :</subfield>
	<subfield code="b">Tor,</subfield>
		<subfield code="c">1994, c1992.</subfield>
	</datafield>
	<datafield tag="300" ind1=" " ind2 =" ">
		<subfield code="a">xxvi, 349 p. ;</subfield>
		<subfield code="c">18 cm.</subfield>
	</datafield>
	<datafield tag="500" ind1=" " ind2 =" ">
		<subfield code="a">&quot;A Tom Doherty Associates book.&quot;</subfield>
	</datafield>
	<datafield tag="500" ind1=" " ind2 =" ">
		<subfield code="a">Reprint. Originally published: 1992.</subfield>
	</datafield>
	<datafield tag="510" ind1=" " ind2 =" ">
		<subfield code="a">BTBD</subfield>
	</datafield>
	<datafield tag="520" ind1=" " ind2 =" ">
		<subfield code="a">An expert at simulated war games, Andrew &quot;Ender&quot; Wiggin believes that he is engaged in one more computer war game when, in truth, he is commanding the last Earth fleet against an alien race seeking Earth's complete destruction</subfield>
	</datafield>
	<datafield tag="912" ind1=" " ind2 =" ">
		<subfield code="j">80</subfield>
	</datafield>
	<datafield tag="914" ind1=" " ind2 =" ">
		<subfield code="a">OS</subfield>
		<subfield code="d">BTBND</subfield>
		<subfield code="e">BTBND</subfield>
		<subfield code="f">720</subfield>
		<subfield code="g">BOOK</subfield>
		<subfield code="h">0.00</subfield>
		<subfield code="l">FICTION / Science Fiction / General</subfield>
		<subfield code="m">M</subfield>
		<subfield code="o">FIC028000</subfield>
		<subfield code="w">ECONO</subfield>
	</datafield>
	<datafield tag="922" ind1=" " ind2 =" ">
		<subfield code="a">ocm54755619</subfield>
	</datafield>
	<datafield tag="927" ind1=" " ind2 =" ">
		<subfield code="a">AUb11763297</subfield>
	</datafield>
	<datafield tag="930" ind1="1" ind2 ="0">
		<subfield code="a">Ender's Game</subfield>
		<subfield code="c">Ender's Game</subfield>
		<subfield code="d">Enders Game</subfield>
		<subfield code="f">0</subfield>
	</datafield>
	<datafield tag="931" ind1=" " ind2 =" ">
		<subfield code="a">Accelerated Reader AR</subfield>
		<subfield code="b">UG</subfield>
		<subfield code="c">5.5</subfield>
		<subfield code="d">16.0</subfield>
		<subfield code="z">28441</subfield>
	</datafield>
	<datafield tag="940" ind1=" " ind2 =" ">
		<subfield code="a">Card, Orson Scott</subfield>
		<subfield code="b">Card, Orson Scott</subfield>
	</datafield>
	<datafield tag="941" ind1=" " ind2 =" ">
		<subfield code="a">0808586165</subfield>
	</datafield>
	<datafield tag="942" ind1=" " ind2 =" ">
		<subfield code="a">15.80</subfield>
		<subfield code="d">USD</subfield>
	</datafield>
	<datafield tag="943" ind1=" " ind2 =" ">
		<subfield code="a">PBD</subfield>
		<subfield code="b">A</subfield>
		<subfield code="c">FI</subfield>
		<subfield code="d">GLD</subfield>
		<subfield code="e">ENG</subfield>
	</datafield>
	<datafield tag="947" ind1=" " ind2 =" ">
		<subfield code="a">BTB</subfield>
		<subfield code="b">2724143</subfield>
		<subfield code="z">BNT</subfield>
	</datafield>
	<datafield tag="948" ind1=" " ind2 =" ">
		<subfield code="c">1999/10/01</subfield>
	</datafield>
	<datafield tag="949" ind1=" " ind2 =" ">
		<subfield code="a">7.00</subfield>
		<subfield code="b">4.50</subfield>
		<subfield code="c">1.00</subfield>
		<subfield code="d">IN</subfield>
		<subfield code="e">LB</subfield>
		<subfield code="f">0.50</subfield>
		<subfield code="g">0.50</subfield>
		<subfield code="i">1999/11/16</subfield>
		<subfield code="j">2008/03/25</subfield>
	</datafield>
	<datafield tag="953" ind1=" " ind2 =" ">
		<subfield code="a">Bt Bound</subfield>
		<subfield code="b">C/O Tandem Library Group</subfield>
		<subfield code="c">2101 N Topeka Blvd</subfield>
		<subfield code="f">Topeka</subfield>
		<subfield code="g">KS</subfield>
		<subfield code="h">USA</subfield>
		<subfield code="i">66608-2312</subfield>
		<subfield code="l">Bt Bound</subfield>
	</datafield>
	<datafield tag="955" ind1=" " ind2 =" ">
		<subfield code="a">Prebind</subfield>
		<subfield code="c">Primary</subfield>
	</datafield>
</record>
</records>
